|0000|006|0|||01112020|30112020|ESCRITORIO CENTRAL|04185877000155|GO|5208707||00|2|
|0001|0|
|0100|RONNIE ALBERT SOARES|43366872187|GO011427||74290190|C-244|105|QD. 546 LT. 21|JARDIM AMÃ‰RICA|06236124200||fabio.adm@jspecas.com.br|5208707|
|0110|1|1|2||
|0140|Empresa numero 669|ESCRITORIO CENTRAL|04185877000155|GO|105114480|5208707|3142701||
|0150|RJ33643875000160|POSTO DE GASOLINA PAMPAS LTDA|1058|33643875000160||81820422|3304557||LUÃ S CÃ‚MARA|90||RAMOS|
|0150|MA10298651000244|POSTO PERNAMBUCANO LTDA|1058|10298651000244||122373863|2105302||SÃƒO JOSÃ‰ DE RIBAMAR|335||VILA LOBÃƒO|
|0150|SE23166467000101|AUTO POSTO JC LTDA|1058|23166467000101||271505907|2800308||MATO GROSSO|1||SIQUEIRA CAMPOS|
|0150|MT37433372000111|AUTO POSTO PINDORAMA|1058|37433372000111||131420798|5108402||GOVERNADOR JÃšLIO CAMPOS|550||JARDIM MARIA IZABEL|
|0150|AL17336019000106|AUTO POSTO VELOZ LTDA|1058|17336019000106|||2704302||MENINO MARCELO|4420||BARRO DURO|
|0150|AL4077577000314|POSTO QUARTO DE MILHA LTDA|1058|04077577000314||241019478|2704302||AV DURVAL DE GOES MONTEIRO KM 10|S/NÂº||TABULEIRO DOS MARTINS|
|0150|MG41705211000298|POSTO R.E.M. LTDA|1058|41705211000298|||3118601||JOAO CESAR DE OLIVEIRA|5120||BEATRIZ|
|0150|MA35196823000119|NICOLAU DERIVADOS DE PETROLEO LTDA|1058|35196823000119||121120503|2111300||JERONIMO DE ALBUQUERQUE, 22|||AURORA|
|0150|MG2738100000145|POSTO SUPREMO LTDA|1058|02738100000145||1860342600063|3118601||PRINCESA ISABEL|320||PARQUE RECREIO|
|0150|MG3845434000180|POSTO ECO LTDA|1058|03845434000180||3670838040021|3136702||BRASIL|12515||INDUSTRIAL|
|0150|PB5747008000130|AUTO POSTO RONALDÃƒO LTDA.|1058|05747008000130||161392113|2507507||FENELON CAMARA, 527|||CRISTO REDENTOR|
|0150|CE4314770000160|TRIBUS COMERCIO DE COMBUSTIVEIS LTDA|1058|04314770000160||063075172|2304400||PERIMENTRAL DOM FRANCISCO|707||SAO MIGUEL|
|0150|MA6907158000126|POSTO GOIANO LTDA|1058|06907158000126||120662744|2105302||DORGIVAL PINHEIRO DE SOUSA|1550||CENTRO|
|0150|RN35298330000785|JVC COMERCIAL LTDA|1058|35298330000785||202063623|2408102||INDUSTRIAL JOÃƒO FRANCISCO DA MOTTA|3459||FELIPE CAMARÃƒO|
|0150|GO31139203000197|POSTO Z+Z SAO JOSE LTDA|1058|31139203000197|||5208707||AV CONSOLACAO|SN||VILA ADELIA|
|0150|AL740510000103|TULEMON COMERCIO LTDA|1058|00740510000103|||2707701||CONJUNTO ARNALDO PAIVA|17||MATA DO ROLO|
|0150|PA5090360000145|POSTO ALMIRANTE TAMANDARE LTDA|1058|05090360000145|||1501402||ALMIRANTE TAMANDARE|870||CAMPINA|
|0150|AP10522077000347|POSTO DE COMBUSTIVEIS JARDINS EIRELI-EPP|1058|10522077000347||030498406|1600303||DE LUCA SERRA|1861||ALVORADA|
|0150|RJ42199000000102|POSTO DE GASOLINA JOIA DE VIZEU LTDA|1058|42199000000102|||3304557||LOBO JUNIOR|1222||PENHA CIRCULAR|
|0150|RN17322062000112|REAL REVENDEDORA DE PETROLEO LTDA|1058|17322062000112|||2403251||CAMINHO DE BAIA FORMOSA|SN||CAJUPIRANGA|
|0150|MG9719902000157|POSTO SETE ANOES LTDA|1058|09719902000157|||3136702||MARECHAL SETEMBRINO DE CARVALHO|85||LADEIRA|
|0150|PA3160149000126|SUPER POSTO TRIANGULO LTDA|1058|03160149000126|||1501402||PAS ALBERTO ENGELHARD|262||NAZARE|
|0150|RN24206617000800|PARELHAS GAS LTDA - (NATAL-RN)|1058|24206617000800|||2408102||SENADOR SALGADO FILHO|411||CAPIM MACIO|
|0150|CE6816300000120|AUTO POSTO TIGRAO LTDA|1058|06816300000120|||2304400||ROD.BR116|||messejana|
|0150|PE10725669000102|VILA JARDIM COMERCIO DE COMBUSTIVEL LTDA|1058|10725669000102|||2611606||BR 101|6||JARDIM SAO PAULO|
|0150|AP10522077000185|POSTO DE COMBUSTIVEL JARDINS LTDA|1058|10522077000185||030331692|1600303||VEREADOR JULIO MARIA PINTO PEREIRA|1430||JARDIM FELICIDADE|
|0150|BA15151046002203|POSTO KALILANDIA LTDA|1058|15151046002203||10415946|2919207||CHILE|353||CENTRO|
|0150|MG4919589000187|AUTO POSTO TERRA BRASILIS LTDA|1058|04919589000187||3672613510081|3136702||JOSÃ‰ LOURENÃ‡O|S/N||SÃƒO PEDRO|
|0150|PE9798307000588|SERVICAR S/A|1058|09798307000588||018562353|2607901||ARMINDO MOURA|461||PIEDADE|
|0150|GO6051997000195|POSTO DIAMANTINA LTDA|1058|06051997000195||103879447|5208707||PERIMETRAL NORTE|50||CAPUAVA|
|0150|MT5580463000193|AUTO POSTO SAN REMO LTDA|1058|05580463000193||132864185|5108402||CORONEL JOSÃ‰ AUGUSTO GOMES|S/N||MANGA|
|0150|BA22664051000150|VITORIA MASTER COMBUSTIVEL EIRELI|1058|22664051000150|||2933307||PRESIDENTE DUTRA|2004||BRASIL|
|0150|CE4327828000100|POSTO NEVES E VIANA LTDA|1058|04327828000100||063120950|2304400||RODOVIA BR 222 - KM 09, S/N|*||PARQUE SOLEDADE|
|0150|CE17599872000110|CS COMERCIO DE DERIVADOS DE PETROLEO LTDA|1058|17599872000110|||2304400||AGUANAMBI|1579||FATIMA|
|0150|SE5297480000460|PETROX COMERCIAL LTDA|1058|05297480000460||271100028|2804805||RODOVIA BR 235 KM 45 S/N|||PAU GRANDE|
|0150|MT3318703000150|AUTO POSTO TURAMA|1058|03318703000150||131923323|5107909||DOS TARTUMAS|818||CENTRO|
|0150|AP9405430000400|REAL PETROLEO LTDA|1058|09405430000400|||1600303||GENERAL RONDON|642||JULIAO RAMOS|
|0150|PA4111209000183|RIBEIRO DERIVADOS DE PETROLEO LTDA|1058|04111209000183||151009503|1500800||AZ DE OURO|INSERTO||LEVILÃ‚NDIA|
|0150|PA33466473000138|POSTO DE COMBUSTIVEIS PROVIDENCIA LTDA|1058|33466473000138||156426609|1504422||ROD BR 316|3700||CENTRO|
|0150|PI8097382000125|SAO DOMINGOS COM. DE PETROLEO E LUBRIFIC|1058|08097382000125||194604926|2211001||BARAO DE GURGUÃ‰IA,4045|||TABULETA|
|0150|GO2773620000199|POSTO PIO XII LTDA|1058|02773620000199||100358306|5208707||PIO XII|186||CIDADE JARDIM|
|0150|AL1242690000158|IBN PINTO E SILVA & CIA LTDA|1058|01242690000158|||2700300||ROD. AL 101 KM 70|S/N||CANAFISTULA|
|0150|CE333717000155|MOURA COM. DE COMBUSTIVEIS LTDA|1058|00333717000155||069441979|2304400||BEZERRA DE MENEZES|161||OTAVIO BOMFIM|
|0150|MT11085342000178|PS AUTO POSTO VARZEA GRANDE LTDA|1058|11085342000178|||5103403||MIGUEL SUTIL|2499||AREAO|
|0150|MG20449997000179|POSTO UNICO LTDA|1058|20449997000179||3672855420041|3136702||BRASIL|12295||INDUSTRIAL|
|0150|PA6945995000140|GP PETROLEO COMERCIO DE COMBUSTIVEIS LTDA|1058|06945995000140||152403558|1500800||BR-316|316||COQUEIRO|
|0150|AL1242690000239|IBN PINTO E SILVA & CIA LTDA|1058|01242690000239|||2700300||OTAVIO LOURENCO DE SOUZA|23||CACIMBAS|
|0150|CE7240450000877|APIGUANA MAQUINAS E FERRAMENTAS LTDA|1058|07240450000877||069010765|2304400||DUQUE DE CAXIAS|959||CENTRO|
|0150|MG21725460000157|POSTO CAPITAL LTDA|1058|21725460000157|||3106200||ABILIO MACHADO|1772||JARDIM INCONFIDENCIA|
|0150|PB4696443000110|HERDEN SALES PORTO|1058|04696443000110|||2504009||VIGARIO CALIXTO|3003||CATOLE|
|0150|RJ3971151000185|POSTO F.M. DA DUTRA LTDA|1058|03971151000185|||3305109||EFO|SN||VILA SAO JOAO|
|0150|PE7617461000157|INVESTGAS LOCACAO E INVESTIMENTOS LIMITADA|1058|07617461000157||033921393|2611606||BR-101 NORTE|13||CÃ“RREGO DO JENIPAPO|
|0150|MG7642627000195|POSTO AGUA BRANCA DERIVADOS DE PETROLEO LTDA|1058|07642627000195||0011016140053|3118601||HIBISCO|65||CHACARA BOA VISTA|
|0150|RJ33133414000148|POSTO LOBO JUNIOR LTDA|1058|33133414000148|||3304557||LOBO JUNIOR|918||PENHA|
|0150|RJ42291799000162|AUTO POSTO NIASO LTDA|1058|42291799000162|||3304557||DO ENGENHO DA PEDRA|755||RAMOS|
|0150|BA6186816000219|POSTO SAO JORGE|1058|06186816000219|||2933307||AV PRESIDENTE DUTRA|SN||BRASIL|
|0150|CE2707042000192|M T M PETROLEO LTDA|1058|02707042000192|||2304202||ANDRE CARTAXO|1832||CENTRO|
|0150|AL21909741000160|COMERCIO DE COMBUSTIVEIS BOSQUE DAS ARAPIRACAS LTDA|1058|21909741000160|||2700300||DELMIRO GOUVEIA|1382||SENADOR TEOTONIO VILELA|
|0150|PE11601184002105|ARLINDO DA FONSECA LINS & CIA LTDA.|1058|11601184002105|||2604106||BR 232|2837||DISTRITO|
|0150|MA69418101000183|LIMA COMERCIAL DE COMBUSTIVEIS LTDA|1058|69418101000183||121319741|2111300||JERONIMO DE ALBUQUERQUE,5 E 6|||COHAB ANIL 1|
|0190|UN|Unidade|
|0200|compraD51|Compra diversas - compraD51|||UN|07|||||0|
|0200|compraD19|Compra diversas - compraD19|||UN|07|||||0|
|0200|compraD75|Compra diversas - compraD75|||UN|07|||||0|
|0200|compraD29|Compra diversas - compraD29|||UN|07|||||0|
|0200|compraD32|Compra diversas - compraD32|||UN|07|||||0|
|0200|compraD16|Compra diversas - compraD16|||UN|07|||||0|
|0200|compraD70|Compra diversas - compraD70|||UN|07|||||0|
|0200|compraD69|Compra diversas - compraD69|||UN|07|||||0|
|0200|compraD71|Compra diversas - compraD71|||UN|07|||||0|
|0200|compraD63|Compra diversas - compraD63|||UN|07|||||0|
|0200|compraD9|Compra diversas - compraD9|||UN|07|||||0|
|0200|compraD8|Compra diversas - compraD8|||UN|07|||||0|
|0200|compraD45|Compra diversas - compraD45|||UN|07|||||0|
|0200|compraD57|Compra diversas - compraD57|||UN|07|||||0|
|0200|compraD10|Compra diversas - compraD10|||UN|07|||||0|
|0200|compraD20|Compra diversas - compraD20|||UN|07|||||0|
|0200|compraD65|Compra diversas - compraD65|||UN|07|||||0|
|0200|compraD64|Compra diversas - compraD64|||UN|07|||||0|
|0200|compraD23|Compra diversas - compraD23|||UN|07|||||0|
|0200|compraD34|Compra diversas - compraD34|||UN|07|||||0|
|0200|compraD22|Compra diversas - compraD22|||UN|07|||||0|
|0200|compraD36|Compra diversas - compraD36|||UN|07|||||0|
|0200|compraD55|Compra diversas - compraD55|||UN|07|||||0|
|0200|compraD18|Compra diversas - compraD18|||UN|07|||||0|
|0200|compraD66|Compra diversas - compraD66|||UN|07|||||0|
|0200|compraD17|Compra diversas - compraD17|||UN|07|||||0|
|0200|compraD47|Compra diversas - compraD47|||UN|07|||||0|
|0200|compraD28|Compra diversas - compraD28|||UN|07|||||0|
|0200|compraD7|Compra diversas - compraD7|||UN|07|||||0|
|0200|compraD52|Compra diversas - compraD52|||UN|07|||||0|
|0200|compraD6|Compra diversas - compraD6|||UN|07|||||0|
|0200|compraD21|Compra diversas - compraD21|||UN|07|||||0|
|0200|compraD30|Compra diversas - compraD30|||UN|07|||||0|
|0200|compraD40|Compra diversas - compraD40|||UN|07|||||0|
|0200|compraD61|Compra diversas - compraD61|||UN|07|||||0|
|0200|compraD48|Compra diversas - compraD48|||UN|07|||||0|
|0200|compraD14|Compra diversas - compraD14|||UN|07|||||0|
|0200|compraD33|Compra diversas - compraD33|||UN|07|||||0|
|0200|compraD12|Compra diversas - compraD12|||UN|07|||||0|
|0200|compraD53|Compra diversas - compraD53|||UN|07|||||0|
|0200|compraD2|Compra diversas - compraD2|||UN|07|||||0|
|0200|compraD62|Compra diversas - compraD62|||UN|07|||||0|
|0200|compraD67|Compra diversas - compraD67|||UN|07|||||0|
|0200|compraD27|Compra diversas - compraD27|||UN|07|||||0|
|0200|compraD41|Compra diversas - compraD41|||UN|07|||||0|
|0200|compraD25|Compra diversas - compraD25|||UN|07|||||0|
|0200|compraD58|Compra diversas - compraD58|||UN|07|||||0|
|0200|compraD24|Compra diversas - compraD24|||UN|07|||||0|
|0200|compraD72|Compra diversas - compraD72|||UN|07|||||0|
|0200|compraD73|Compra diversas - compraD73|||UN|07|||||0|
|0200|compraD42|Compra diversas - compraD42|||UN|07|||||0|
|0200|compraD3|Compra diversas - compraD3|||UN|07|||||0|
|0200|compraD1|Compra diversas - compraD1|||UN|07|||||0|
|0200|compraD74|Compra diversas - compraD74|||UN|07|||||0|
|0200|compraD54|Compra diversas - compraD54|||UN|07|||||0|
|0200|compraD68|Compra diversas - compraD68|||UN|07|||||0|
|0200|compraD44|Compra diversas - compraD44|||UN|07|||||0|
|0200|compraD5|Compra diversas - compraD5|||UN|07|||||0|
|0200|compraD4|Compra diversas - compraD4|||UN|07|||||0|
|0200|compraD60|Compra diversas - compraD60|||UN|07|||||0|
|0200|compraD43|Compra diversas - compraD43|||UN|07|||||0|
|0200|compraD15|Compra diversas - compraD15|||UN|07|||||0|
|0200|compraD59|Compra diversas - compraD59|||UN|07|||||0|
|0200|compraD26|Compra diversas - compraD26|||UN|07|||||0|
|0200|compraD38|Compra diversas - compraD38|||UN|07|||||0|
|0200|compraD13|Compra diversas - compraD13|||UN|07|||||0|
|0200|compraD49|Compra diversas - compraD49|||UN|07|||||0|
|0400|2653-2L|COMPRA COMBUSTÃ VEL USUÃ RIO FINAL|
|0400|1653-2L|COMPRA COMBUSTÃ VEL USUÃ RIO FINAL|
|0140|Empresa numero 695|JS MARITUBA 1|04185877000236|PA|152284974|1504422|||
|0150|RS90852914000254|MASTER SISTEMAS AUTOMOTIVOS LTDA - (CAXIAS DO SUL-RS)|1058|90852914000254||0290581559|4305108||ADOLFO RANDAZZO|10|PAVLH 02 SALA 03|SANTA FE|
|0150|SP8408736000296|RODOVITOR - TRANSPORTES E LOCACAO DE VEICULOS LTDA|1058|08408736000296||796516339114|3518800||PEDRO DE TOLEDO|690||JARDIM SANTA LIDIA|
|0150|PA60860087017174|BRINK S SEGURANÃ‡A E TRANSP DE VALORES LTDA|1058|60860087017174||154451932|1501402||SENADOR LEMOS|4104||SACRAMENTA|
|0150|SP416170000151|KNORR BREMSE SISTEMAS P VEICULOS COMERCIAIS BRASIL LTDA|1058|00416170000151||388024701112|3524006||CYRINEU TONOLLI|1519|BLOCO A|NOVA ERA|
|0150|PA21458085000126|OBELEM DISTRIBUIDORA DE AUTO PECAS LTDA|1058|21458085000126||154694940|1500800||DO FIO|1065||GUANABARA|
|0150|PA14498358000109|JSP TRANSPORTE & LOGISTICA LTDA - ME|1058|14498358000109||153520388|1507953||JOAO PESSOA|76|SALA B|BAIRRO NOVO|
|0150|PA22763502004285|PMZ DISTRIBUIDORA S.A|1058|22763502004285||156828502|1504422||ROD BR 316|S/N||CENTRO|
|0150|RS96735162000147|IND. DE ARTEFATOS DE BORRACHA BINS|1058|96735162000147||1240018824|4318705||MAUA|2612|SAO LEOPOLDO|MORRO DO ESPELHO|
|0150|SP841654000148|INDUSTRIAS MANGOTEX LTDA|1058|00841654000148||387040191110|3523909||SETE QUEDAS|1880||VILA PADRE BENTO|
|0150|SP28419262000104|BRP IND COM IMP E EXP DE AUTOPECAS LTDA|1058|28419262000104||353359380110|3520509||SAFIRA|273B|ENTRADA LATERAL|RECREIO CAMPESTRE JOIA|
|0150|PA18495174000138|CITYSUL TRANSPORTE RODOVIARIO DE CARGAS EIRELI - EPP|1058|18495174000138||154171166|1501402||ARTUR BERNARDES|1758|PORTAO C|TELEGRAFO SEM FIO|
|0150|PA5389267000136|POSTO SAO JOSE RIBAMAR LTDA|1058|05389267000136||150038631|1502400||PRES. VARGAS, 1903|||CENTRO|
|0150|PA4787941000178|COMERCIO E TRANSP. BOA ESPERANCA LTDA - BELEM PA|1058|04787941000178||150017170|1501402||AVE JOAO PAULO II|1047|1o ANDAR|MARCO|
|0150|PA48740351006791|BRASPRESS TRANSPORTES URGENTES LTDA|1058|48740351006791||152357858|1500800||BR-316|S/N|KM 05 GALPAO08|COQUEIRO|
|0190|UN|Unidade|
|0200|1.2RG121073A|MANGUEIRA AGUA|||UN|00|40093290||||0|
|0200|1.2T0607359A|VALVULA DESCARGA|||UN|00|84812090||||0|
|0200|1.2W0607307|BUCHA EIXO S|||UN|00|40093100||||0|
|0200|1.6965007175|MANGUEIRA INTERCOOLER AR LADO FRIO|||UN|00|40093290||||0|
|0200|1.JS60515|VALVULA PEDAL|||UN|00|84812090||||0|
|0200|1.TAR145743|MANGUEIRA RESERVATORIO BBA HIDR.|||UN|00|40093100||||0|
|0200|105.000214729|MOLA 2A TRS VOLVO 6X4|||UN|00|73201000||||0|
|0200|105.2R0411141C|MOLA 1A|||UN|00|73201000||||0|
|0200|105.2RD411213|MOLA 1A DT|||UN|00|73201000||||0|
|0200|105.2RL411217|MOLA 3A DT|||UN|00|73201000||||0|
|0200|105.2RR511169A|MOLA 4A|||UN|00|73201000||||0|
|0200|105.2T2199382M|COXIM TRAS SUSPENSAO MOTOR|||UN|00|40169990||||0|
|0200|105.3454107340|SUPORTE CARDAN BOIADEIRO MB|||UN|00|87089990||||0|
|0200|105.9793200393|MOLA 2A VIRADA DIANT MB ACCELO|||UN|00|73201000||||0|
|0200|105.JS11754|MANGUEIRA FILTRO AR|||UN|00|40093100||||0|
|0200|105.JS40303|MOLA 1A DT F600/14000 /92|||UN|00|73201000||||0|
|0200|105.JS40658|MOLA 1A DIANT PARABOLICA FORD|||UN|00|73201000||||0|
|0200|2.2RH117241|MANGUEIRA LIGACAO INTERCOOLER|||UN|00|40093100||||0|
|0200|2.2RR607423|VALVULA DISTRIBUIDORA|||UN|00|84818099||||0|
|0200|2.2TJ198301A|REPARO CABECOTE COMPRESSOR|||UN|00|84149039||||0|
|0200|2.2VC607243|VALVULA REGULADOR PRESSAO|||UN|00|84811000||||0|
|0200|2.2VF198301|REPARO CABECOTE COMPRESSOR VW/FORD /02|||UN|00|84149039||||0|
|0200|2.JS60914|VALVULA FREIO MAO|||UN|00|84812090||||0|
|0200|20.020765294|CUICA FREIO TRS LE|||UN|00|87083090||||0|
|0200|20.2R0609457B|EIXO S TRAS LE FREIO HD 325X120|||UN|00|87083090||||0|
|0200|20.2RD607056|CATRACA AUTOMATICA DIANT LD|||UN|00|87083090||||0|
|0200|20.2RR609909|CJ MANCAL FREIO S TRASEIRO|||UN|00|87083090||||0|
|0200|20.2S2721261|CILINDRO RECEPTADOR|||UN|00|87089300||||0|
|0200|20.2T0609819|EIXO S TRAS LE|||UN|00|87083090||||0|
|0200|20.2VC698415|JG REPARO VALVULA 4 VIAS KNORR 00/|||UN|00|87089990||||0|
|0200|20.2VF607243|VALVULA REGULADORA PRESSAO|||UN|00|87089990||||0|
|0200|20.3525860113|JG REPARO COMPLETO CABECOTE|||UN|00|84149039||||0|
|0200|20.JS10846|COMPRESSOR AR CARGO 814/815 KNORR 02/|||UN|00|84148019||||0|
|0200|20.JS60284|DISCO EMERGENCIA CUICA ADER|||UN|00|87083090||||0|
|0200|20.JS60427|VALVULA RELE MB|||UN|00|87083090||||0|
|0200|20.JS60429|VALVULA PROT 4 VIAS|||UN|00|87089990||||0|
|0200|20.JS61131|VALVULA SELENOIDE CONTROLE TRACAO (ABS) 24V|||UN|00|84818092||||0|
|0200|20.T11698555|JG REPARO VALV PEDAL KNORR VW/MB OH14|||UN|00|87083090||||0|
|0200|20.T13607271A|VALVULA DRENO ROSCA M22|||UN|00|84818099||||0|
|0200|20.TAG607271|VALVULA DRENO AUTOMATICO|||UN|00|84818099||||0|
|0200|20.TAR607337B|VALVULA RETENCAO DUPLA|||UN|00|84818099||||0|
|0200|20.TE3698721|JG REPARO EMBUCHAMENTO EIXO S|||UN|00|87083090||||0|
|0200|3.2RG198301B|REPARO CABECOTE COMPRESSOR COMPLETO|||UN|00|84149039||||0|
|0200|3.S01363120|AMORTECEDOR CABINE DT|||UN|00|87088000||||0|
|0400|1403-3G|COMPRA COMERCIALIZAÃ‡AO SUBSTITUICAO TRIBUTARIA|
|0400|2403-3G|COMPRA COMERCIALIZAÃ‡AO SUBSTITUICAO TRIBUTARIA|
|0140|Empresa numero 699|JS CUIABA|04185877000317|MT|131192841|5103403|||
|0150|SP22762139000105|FALMA INDUSTRIA E COMERCIO DE PECAS LTDA|1058|22762139000105||144750450110|3550308||FRANCISCO MESQUITA|19||VILA MONTE ALEGRE|
|0150|GO2212918000120|BELCAR CAMINHOES E MAQUINAS LTDA - GOIANIA GO|1058|02212918000120||101174721|5208707||RODOVIA BR 153 KM 1282,||GOIANIA|A. DA GLORIA|
|0150|MT9001879000837|COMERCIAL AMAZONIA DE PETROLEO LTDA|1058|09001879000837||133452255|5103403||MIGUEL SUTIL|S/N||PORTO|
|0150|SP416170000151|KNORR BREMSE SISTEMAS P VEICULOS COMERCIAIS BRASIL LTDA|1058|00416170000151||388024701112|3524006||CYRINEU TONOLLI|1519|BLOCO A|NOVA ERA|
|0150|MT37463171000167|D DE S PEREIRA & CIA LTDA. ( DEL PECAS )|1058|37463171000167||00131404105|5103403||ROD BR 364 KM 401|440|CUIABA|JD NOVA ESPERANCA II|
|0150|SP2162259000326|INTERNATIONAL IND AUT DA AMERICA DO SUL LTDA (MWM)|1058|02162259000326||407531352115|3525904||AV ODILA CHAVES RODRIGUES|1277|PARQUE INDUSTRIAL RM|PARQUE INDUSTRIAL RM|
|0150|MT9296295002707|AZUL LINHAS AEREAS BRASILEIRAS S.A|1058|09296295002707|||5108402||JOÃƒO PONCE DE ARRUDA|SN||CENTRO|
|0150|MT33070814001042|CARVALIMA TRANSPORTES LTDA|1058|33070814001042||00133409147|5103403||RODOVIA PALMIRO PAES DE BARROS|2700||PARQUE CUIABA|
|0150|MT2803735000189|VISARI DISTR.  DE AUTO PECAS LTDA|1058|02803735000189||00132195895|5108402||ULISSES POMPEU DE CAMPOS,|378|VARZEA GRANDE|CENTRO|
|0150|MT5464895000139|TRANSETE TRANSPORTES SEGUROS LTDA|1058|05464895000139||00132147491|5103403||UM -  QDA 23 LOTEAMENTO SAO JOSE|S/N||JARDIM PARAISO|
|0150|MT16617294000135|CAETANO & MARTINS PEOVÃƒO LTDA - ME|1058|16617294000135||00134610652|5106752||BR 174 KM 224|S/N||RESIDENCIAL GLORIA|
|0150|SP61136701000147|COMERCIAL JAHU BORRACHAS E AUTO PECAS LT|1058|61136701000147||105031448110|3550308||ROBERT BOSCH|280||PARQUE INDUSTRIAL TOMAS EDSON|
|0150|MT61838884000223|CUMMINS VENDAS E SERV. MOTORES E GERADORES LTDA|1058|61838884000223||00132122928|5103403||ARCHIMEDES PEREIRA LIMA|1235||CACHOEIRA DAS GRACAS|
|0150|SP45967890000143|INDUSTRIA E COMERCIO DE AUTO PECAS REI LTDA|1058|45967890000143||243000031112|3509403||ROD. SP, 338 KM 308 + 200 MTS.,||CAJURU|CENTRO|
|0150|SP4125812000700|MORELATE DISTRIBUIDORA DE AUTO PECAS LTDA|1058|04125812000700||149727128117|3550308||VALENTINO CARDOSO|5||JARDIM JARAGUA|
|0150|MT5877639000173|TRANSRAPIDO SINAL VERDE LTDA|1058|05877639000173||00133169847|5103403||DOUTOR LUIZ ANTONIO DE FIGUEIREDO|65||JARDIM PETROPOLIS|
|0150|MT11721618000167|ORIENTE COMERCIO DE PECAS PARA VEICULOS LTDA - ME|1058|11721618000167||00133857484|5108402||GOVERNADOR JÃšLIO CAMPOS|3646-A||JARDIM GLÃ“RIA L|
|0150|SP833219000252|SOLIDEZ TRANSPORTES LTDA|1058|00833219000252||114509300110|3550308||SAMUEL L. QD 7 B. 11/12|203|T. DE CARGAS F. D|J. JULIETA|
|0150|MT16903492000165|OTI BRASIL TRANSPORTES LTDA|1058|16903492000165||134663179|5103403||MANOEL JOSE DE ARRUDA|2866||BEIRA RIO|
|0150|SP4935166000150|M.SAM DISTRIBUIDORA DE PECAS LTDA|1058|04935166000150||336685042118|3518800||SANTOS DUMONT|2137||CUMBICA|
|0150|MT4017029000137|VIACAO JUINA LTDA|1058|04017029000137||131964631|5105150||GOV. JULIO JOSE DE CAMPOS|309||CENTRO|
|0190|UN|Unidade|
|0200|1.281845121|GUARNICAO PARABRISA|||UN|00|40082900||||0|
|0200|1.2R0109301|VARETA VALVULA|||UN|00|84099999||||0|
|0200|1.2R0115105A|BOMBA OLEO MOTOR MWM X12TCE|||UN|00|84133030||||0|
|0200|1.2RG311179A|MORINGA LONGA 4 FUROS CX CL450/FS4005A/4005B/4205A|||UN|00|87084090||||0|
|0200|1.2T0145735|TUBO RETORNO OLEO 77 X Ã˜21 X Ã˜21MM|||UN|00|40093100||||0|
|0200|1.2T2199382L|SUPORTE MOTOR C/COXIM TRS LE|||UN|00|87089990||||0|
|0200|1.JS70044|ROTULA GARFO EMBREAGEM|||UN|00|84311090||||0|
|0200|1.S01782203|COXIM TRAS MOTOR PGR S.5|||UN|00|87089990||||0|
|0200|1.TJG199201B|COXIM MOTOR DT|||UN|00|87089990||||0|
|0200|1.TMG521117|ROLAMENTO CENTRO COMPLETO 45MM|||UN|00|87085099||||0|
|0200|105.2S2121101B|MANGUEIRA DAGUA|||UN|00|40093100||||0|
|0200|105.2T2115611D|VARETA MEDIDORA OLEO MOTOR NGD 9.3|||UN|00|84099999||||0|
|0200|105.2T2121101G|MANGUEIRA AGUA RADIADOR|||UN|00|40093100||||0|
|0200|105.2T2129973F|CONECTOR|||UN|00|40093100||||0|
|0200|105.2V2129973B|MANGUEIRA FILTRO AR|||UN|00|40091100||||0|
|0200|105.JS12162|AMORTECEDOR  VIBRACAO MAQUINA COTTON|||UN|00|40169990||||0|
|0200|105.JS12337|MANGUEIRA SUP. RADIADOR|||UN|00|40093100||||0|
|0200|105.JS13665|MANGUEIRA INTERCOOLER LE (MAIOR)|||UN|00|40093100||||0|
|0200|105.JS15928|MANGOTE SUPERIOR RADIADOR|||UN|00|40093100||||0|
|0200|105.TJG899371E|TRAVA CABINE BASCULANTE|||UN|00|87082999||||0|
|0200|12.2RD721339|MOLA RETORNO CABO ACELERADOR 7100/8140|||UN|00|73202010||||0|
|0200|2.03873013|MANGUEIRA CAVALETE MOTOR MWM D/TD229|||UN|00|40091100||||0|
|0200|2.251419661|FLANGE BUZINA|||UN|00|87089990||||0|
|0200|2.2R0101451B|SEDE VALVULA ADM STD|||UN|00|84099999||||0|
|0200|2.2TB105259|AMORTECEDOR VIBRACAO|||UN|00|84099999||||0|
|0200|2.JS50238|BUCHA BARRA ESTABILIZADORA DIANT|||UN|00|40169990||||0|
|0200|2.TAR711523|GARFO APOIO ALAVANCA CAMBIO|||UN|00|87089990||||0|
|0200|2.TMJ521117|ROLAMENTO CARDAN COMP 50MM|||UN|00|87085099||||0|
|0200|20.2P0145856|MANGUEIRA RESFRIADOR AR|||UN|00|40093100||||0|
|0200|20.2R0100759A|COMPRESSOR AR MOTOR ELETR.SERIE 2000|||UN|00|84148019||||0|
|0200|20.2RD607345|REPARO VALVULA DUAS VIAS|||UN|00|87083090||||0|
|0200|20.2RD721441|RESERVATORIO OLEO EMBREAGEM|||UN|00|87082999||||0|
|0200|20.2RG145515|VALVULA GOVERNADORA GARRAFINHA|||UN|00|87089990||||0|
|0200|20.2SH199381|COXIM TRAS MOTOR  C/ PINO|||UN|00|87089990||||0|
|0200|20.2T2411041|MANCAL BORRACHA  ESTABILIZADOR DIANT|||UN|00|40169990||||0|
|0200|20.2TA117245|MANGUEIRA DUTO AO COLETOR 96|||UN|00|40093100||||0|
|0200|20.2TJ198301A|REPARO CABECOTE COMPRESSOR|||UN|00|84149039||||0|
|0200|20.JS11424|COMPRESSOR AR KNORR ELETRONICO|||UN|00|84148019||||0|
|0200|20.JS12710|COXIM DT MOTOR INFERIOR/SUPERIOR|||UN|00|87089990||||0|
|0200|20.JS14532|EJETOR OLEO PISTAO MOTOR CUMMINS 2.8 ELETRONICO|||UN|00|84099999||||0|
|0200|20.TEG105315|BUCHA EIXO PILOTO|||UN|00|87089990||||0|
|0200|20.TJG115629|TUBO NYLON MOTOR|||UN|00|87089990||||0|
|0200|20.TJG130525B|MOLA RETORNO PEDAL ACELERADOR|||UN|00|73201000||||0|
|0200|20.TJG607410A|VALVULA DESCARGA RAPIDA ROSCA NUP|||UN|00|84818099||||0|
|0200|3.2RD198181|BOMBA AGUA MOTOR MWM X10|||UN|00|84133090||||0|
|0200|3.2S0109309A|TUCHO VALVULA MOTOR|||UN|00|84099999||||0|
|0200|3.2VB721507|PEDAL ACELERADOR|||UN|00|87082999||||0|
|0200|3.JS90637|BUCHA SUPORTE ALTERNADOR|||UN|00|40169990||||0|
|0200|3.T13141161|COLAR EMBREAGEM COMPLETO 13130 84/|||UN|00|87089990||||0|
|0200|4.TJG711116|PROTETOR ALAVANCA CAMBIO|||UN|00|87089990||||0|
|0200|5.TJG711099|ISOLADOR COMANDO TRANSMISSAO|||UN|00|87082999||||0|
|0200|compraD20|Compra diversas - compraD20|||UN|07|||||0|
|0400|1403-3B|COMPRA COMERCIALIZAÃ‡AO SUBSTITUICAO TRIBUTARIA|
|0400|1411-3B|DEVOLUCAO VENDA MERCADORIA SUBSTITUICAO TRIBUTARIA|
|0400|1653-2B|COMPRA COMBUSTÃ VEL USUÃ RIO FINAL|
|0400|2403-3B|COMPRA COMERCIALIZAÃ‡AO SUBSTITUICAO TRIBUTARIA|
|0450|90|Dev. Nf(s): 369097-1 27/10/2020 R$363,55.|
|0140|Empresa numero 701|JS SAO LUIS|04185877000589|MA|122108604|2111300|||
|0150|SP22762139000105|FALMA INDUSTRIA E COMERCIO DE PECAS LTDA|1058|22762139000105||144750450110|3550308||FRANCISCO MESQUITA|19||VILA MONTE ALEGRE|
|0150|MA18233211004801|FL BRASIL HOLDING, LOGISTICA E TRANSPORTE LTDA.|1058|18233211004801|||2111300||BR-135|47||MARACANA|
|0150|SP416170000151|KNORR BREMSE SISTEMAS P VEICULOS COMERCIAIS BRASIL LTDA|1058|00416170000151||388024701112|3524006||CYRINEU TONOLLI|1519|BLOCO A|NOVA ERA|
|0150|SP68857085000162|TIETE VEICULOS LTDA|1058|68857085000162||113556643114|3550308||MARGINAL DIREITA DO TIETE|700||VILA JAGUARA|
|0150|MA4726179000110|CENTER TRUCK PECAS E SERVICOS LTDA|1058|04726179000110||121849899|2111300||DOS FRANCESES|65|ANEXO SN|TIRIRICAL|
|0150|MA60860087017921|BRINKS SEGURANÃ‡A E TRANSPORTES E VALORES LTDA|1058|60860087017921||124806988|2111300||DOS AFRICANOS|100-A||COROADINHO|
|0150|MA3961709000141|ROXO AUTO PECAS LTDA|1058|03961709000141||121773035|2111300||GUAJAJARAS|1960||TIRIRICAL|
|0150|RS8304706000230|CASTERTECH FUNDICAO E TECNOLOGIA LTDA|1058|08304706000230||0290657075|4305108||ABRAMO RANDON|1262|ANEXO D|SAINT ETIENNE|
|0190|UN|Unidade|
|0200|1.2P0837565|BORRACHA TRILHO VD PORTA|||UN|00|40169990||||0|
|0200|105.2R2845322A|VEDACAO|||UN|00|40169990||||0|
|0200|105.2R2845437|GUARNICAO PORTA|||UN|00|40169990||||0|
|0200|107.3845011382|MANGUEIRA INTERCOOLER|||UN|00|40093100||||0|
|0200|107.6704201819|PATIM FREIO TRASEIRA MB 709/710 (FREIO OLEO)|||UN|00|87089990||||0|
|0200|107.9042030574|TAMPA VALVULA TERMOSTATICA MB SERIE 900|||UN|00|87089990||||0|
|0200|20.07W121011C|BOMBA AGUA|||UN|00|84133090||||0|
|0200|20.2P09535151NN|REVESTIMENTO SUPERIOR PRETO|||UN|00|87082999||||0|
|0200|20.2P09535161NN|REVESTIMENTO INFERIOR PRETO|||UN|00|87089990||||0|
|0200|20.2R0100759A|COMPRESSOR AR MOTOR ELETR.SERIE 2000|||UN|00|84148019||||0|
|0200|20.2R0867911A|GALAO COLUNA TRASEIRA CABINE|||UN|00|40169990||||0|
|0200|20.2R2607403|VALVULA FREIO DE MAO CONSTELLATION|||UN|00|87083090||||0|
|0200|20.2R2721507|PEDAL ACELERADOR C/MODULO ELETRONICO|||UN|00|87089990||||0|
|0200|20.2RD521209|SUPORTE ROLAMENTO TRANSMISSAO|||UN|00|87089990||||0|
|0200|20.2RD607345|REPARO VALVULA DUAS VIAS|||UN|00|87083090||||0|
|0200|20.2RG198301B|REPARO CABECOTE COMPRESSOR COMPLETO|||UN|00|84149039||||0|
|0200|20.2RG198301C|REPARO COMPRESSOR VIRABREQUIM|||UN|00|84149039||||0|
|0200|20.2RH145623A|VIRABREQUIM COMPRESSOR|||UN|00|84831019||||0|
|0200|20.2RR512160|BUCHA MANCAL CENTRAL SUSP TRAS|||UN|00|87089990||||0|
|0200|20.2S2145856C|MANGUEIRA AR|||UN|00|40093100||||0|
|0200|20.2T0198389|JG REPARO LAMELA COMPLETO|||UN|00|84149039||||0|
|0200|20.2T0860114|VALVULA DRENO AUTOMATICO|||UN|00|84818099||||0|
|0200|20.2T2607403|VALVULA FREIO DE  MAO|||UN|00|87083090||||0|
|0200|20.2T2698459|JG REPARO VALVULA PEDAL CONSTELLATION|||UN|00|87083090||||0|
|0200|20.2TJ198301A|REPARO CABECOTE COMPRESSOR|||UN|00|84149039||||0|
|0200|20.2TJ198301B|REPARO COMPRESSOR VIRABREQUIM|||UN|00|84149039||||0|
|0200|20.2TJ198301C|REPARO CILINDRO COMPRESSOR|||UN|00|84149039||||0|
|0200|20.2U0505179|BUCHA TIRANTE SUSPENSAO 63X55 C/PINO|||UN|00|40169990||||0|
|0200|20.2U0505179A|BUCHA TIRANTE SUSPENSAO|||UN|00|40169990||||0|
|0200|20.2U0511267|BUCHA PINO DESLIZADOR|||UN|00|87089990||||0|
|0200|20.2VC698415|JG REPARO VALVULA 4 VIAS KNORR 00/|||UN|00|87089990||||0|
|0200|20.JS60435|VALVULA REGULADORA PRESSAO 8,1BAR M22X1,5|||UN|00|87089990||||0|
|0200|20.T13607271A|VALVULA DRENO ROSCA M22|||UN|00|84818099||||0|
|0200|20.TAR607410A|VALVULA DESCARGA KNORR ROSCA M16|||UN|00|84818099||||0|
|0200|20.TJG607410A|VALVULA DESCARGA RAPIDA ROSCA NUP|||UN|00|84818099||||0|
|0200|compraD26|Compra diversas - compraD26|||UN|07|||||0|
|0400|1403-3F|COMPRA COMERCIALIZAÃ‡AO SUBSTITUICAO TRIBUTARIA|
|0400|1411-3F|DEVOLUCAO VENDA MERCADORIA SUBSTITUICAO TRIBUTARIA|
|0400|2403-3F|COMPRA COMERCIALIZAÃ‡AO SUBSTITUICAO TRIBUTARIA|
|0450|16|Dev. Nf(s): 351706-1 05/11/2020 R$609,43.|
|0140|Empresa numero 703|JS TERESINA|04185877000660|PI|194532771|2211001|||
|0150|SP45967890000143|INDUSTRIA E COMERCIO DE AUTO PECAS REI LTDA|1058|45967890000143||243000031112|3509403||ROD. SP, 338 KM 308 + 200 MTS.,||CAJURU|CENTRO|
|0150|GO2012862000402|TAM CARGO - GOIANIA|1058|02012862000402||102114889|5208707||PC CAPITAO FRAZAO|S/N||SANTA GENOVEVA|
|0150|PI12496029000195|C A S MENESES - EPP|1058|12496029000195||194790711|2211001||BARAO DE GURGUEIA|3022||VERMELHA|
|0150|SP416170000151|KNORR BREMSE SISTEMAS P VEICULOS COMERCIAIS BRASIL LTDA|1058|00416170000151||388024701112|3524006||CYRINEU TONOLLI|1519|BLOCO A|NOVA ERA|
|0150|SP54625819002893|EATON LTDA - (VALINHOS-SP)|1058|54625819002893||708022621110|3556206||CLARK|2061||MACUCO|
|0150|SP4935166000150|M.SAM DISTRIBUIDORA DE PECAS LTDA|1058|04935166000150||336685042118|3518800||SANTOS DUMONT|2137||CUMBICA|
|0190|UN|Unidade|
|0200|1.2P0199379|COXIM MOTOR|||UN|00|87089990||||0|
|0200|1.2R0199379|COXIM MOTOR DT CUMMINS ELETRON.|||UN|00|87089990||||0|
|0200|1.2RD721173|ALMOFADA PEDAL|||UN|00|40169990||||0|
|0200|1.2T2199255|COXIM SUPORTE DIANTEIRO MOTOR TARJA VERDE|||UN|00|87089990||||0|
|0200|1.2T2199255C|COXIM DIANT MOTOR MAN D08.36 CONSTELLATION|||UN|00|87089990||||0|
|0200|1.JS81297|BATENTE SISTEMA ARTICULACAO CABINE|||UN|00|87089990||||0|
|0200|1.TJG411171|BUCHA SUPORTE MOLA DT|||UN|00|87089990||||0|
|0200|105.JS11573|MANGUEIRA ENFAIXADA AR INTERCOLLER|||UN|00|40093100||||0|
|0200|20.2P0145856A|MANGUEIRA DO INTERCOLER|||UN|00|40093100||||0|
|0200|20.2P0311269|ANEL SINCRONIZADOR 3A FSO4405C|||UN|00|87084090||||0|
|0200|20.2P0311309|SINCRONIZADOR 3A/4A CAMBIO FSO4405C|||UN|00|87084090||||0|
|0200|20.2R0311189A|RETENTOR MORINGA|||UN|00|40169990||||0|
|0200|20.2R0311297A|ANEL SINCRONIZADOR 1A/2A CAMBIO FSO4405C|||UN|00|87084090||||0|
|0200|20.2R0311580A|TRAVA INTERNA CAMBIO FSO4405C|||UN|00|87084090||||0|
|0200|20.2R2721257|SERVO EMBREAGEM|||UN|00|87089300||||0|
|0200|20.2RD607345|REPARO VALVULA DUAS VIAS|||UN|00|87083090||||0|
|0200|20.2T0860114|VALVULA DRENO AUTOMATICO|||UN|00|84818099||||0|
|0200|20.2T2199255D|COXIM DIANT MOTOR MAN D08.34 CONSTELLATION|||UN|00|87089990||||0|
|0200|20.2T2411041|MANCAL BORRACHA  ESTABILIZADOR DIANT|||UN|00|40169990||||0|
|0200|20.2TJ198301A|REPARO CABECOTE COMPRESSOR|||UN|00|84149039||||0|
|0200|20.JS30748|ANEL SINCRONIZADOR VEL 1/2|||UN|00|87084090||||0|
|0200|20.JS30762|ENGRENAGEM MOTRIZ DO CONTRA EIXO|||UN|00|87084090||||0|
|0200|20.JS51428|BUCHA MANCAL SUPERIOR BARRA ESTABILIZADORA|||UN|00|87089990||||0|
|0200|20.JS91674|SENSOR SISTEMA ANTI-BLOQUEIO RODAS TRAS|||UN|00|90328921||||0|
|0400|1403-3D|COMPRA COMERCIALIZAÃ‡AO SUBSTITUICAO TRIBUTARIA|
|0400|2403-3D|COMPRA COMERCIALIZAÃ‡AO SUBSTITUICAO TRIBUTARIA|
|0140|Empresa numero 705|JS SALVADOR|04185877000740|BA|63154671|2927408|||
|0150|BA17463456001596|PATRUS TRANSPORTES URGENTES LTDA.|1058|17463456001596||063235120|2927408||BR-324|SN|KM 6,67|PIRAJA|
|0150|MA19336980000126|G DE FREITAS MEDEIROS - EPP|1058|19336980000126||124256066|2111300||JOSE SARNEY|42|AV ORQUIDEA SANTOS QD 39|TIRIRICAL|
|0150|SP416170000151|KNORR BREMSE SISTEMAS P VEICULOS COMERCIAIS BRASIL LTDA|1058|00416170000151||388024701112|3524006||CYRINEU TONOLLI|1519|BLOCO A|NOVA ERA|
|0150|SP841654000148|INDUSTRIAS MANGOTEX LTDA|1058|00841654000148||387040191110|3523909||SETE QUEDAS|1880||VILA PADRE BENTO|
|0150|BA15132336000185|LUDE TRANSPORTES LTDA|1058|15132336000185|||2910800||AV. DEPUTADO LUIS EDUARDO MAGALHAES|SN|SUBAE|SUBAE|
|0150|BA22654108000130|APRONI AUTOPECAS LTDA.|1058|22654108000130||125335830|2927408||DE CAMPINAS|55||CAMPINAS DE PIRAJA|
|0150|BA3556257000465|MALHEIROS MARQUES AUTO-PEÃ‡AS LTDA|1058|03556257000465||150900140|2927408||DE CAMPINAS|S/N||CAMPINAS DE PIRAJA|
|0150|BA9296295000755|AZUL LINHAS AEREAS BRASILEIRAS S.A.|1058|09296295000755||79213507|2927408||GAGO COUTINHO|sn|TERML DE PASSAGEIROS SN PARTE|CENTRO|
|0150|SP68857085000162|TIETE VEICULOS LTDA|1058|68857085000162||113556643114|3550308||MARGINAL DIREITA DO TIETE|700||VILA JAGUARA|
|0150|SP4125812000700|MORELATE DISTRIBUIDORA DE AUTO PECAS LTDA|1058|04125812000700||149727128117|3550308||VALENTINO CARDOSO|5||JARDIM JARAGUA|
|0150|BA60829264000346|VIACAO NOVO HORIZONTE LTDA|1058|60829264000346||027257827|2927408||ESTRADA VELHA DE CAMPINAS S/NÂº KM 05|||PIRAJA|
|0190|UN|Unidade|
|0200|1.020742000|COMPRESSOR AR|||UN|00|84148019||||0|
|0200|1.2P0837565|BORRACHA TRILHO VD PORTA|||UN|00|40169990||||0|
|0200|1.2RP121073A|MANGUEIRA INF. BUS 16210 97/01|||UN|00|40093290||||0|
|0200|1.2SN121073A|MANGUEIRA INFER.RADIADOR SAPAO 95/98|||UN|00|40093100||||0|
|0200|1.2TA117247|MANGUEIRA AR|||UN|00|40093100||||0|
|0200|1.2U0117413|MANGUEIRA INTERCOOLER|||UN|00|40093100||||0|
|0200|1.TJG121073|MANGUEIRA C/MOLA INF RADIADOR 2425|||UN|00|40093290||||0|
|0200|1.TJG121115|MANGUEIRA SUP RADIADOR 2425|||UN|00|40093100||||0|
|0200|1.TRA145743|MANGUEIRA BOMBA HIDRAULICA|||UN|00|40091100||||0|
|0200|105.2R0953513A999|CHAVE SETA|||UN|00|85365090||||0|
|0200|105.2RD721263|HASTE CILINDRO EMBREAGEM 12140 97/00|||UN|00|87089990||||0|
|0200|105.2U2311807B|TAMPA ROLAMENTO DIANT CAMBIO|||UN|00|87084090||||0|
|0200|105.JS10408|COXIM MOTOR DT LD|||UN|00|40169990||||0|
|0200|105.JS90678|BUZINA BI BI 12V (UNIDADE)|||UN|00|40093100||||0|
|0200|105.T71953513A|CHAVE SETA SAPAO 93/98|||UN|00|85365090||||0|
|0200|105.T75721173A|ALMOFADA PEDAL FREIO/EMBREAGEM VW|||UN|00|40169990||||0|
|0200|2.2R2898870|BUCHA FIXACAO CABINE|||UN|00|40169990||||0|
|0200|20.07W115537H|ENGRENAGEM BOMBA  OLEO D08.36|||UN|00|84834090||||0|
|0200|20.2R2607403|VALVULA FREIO DE MAO CONSTELLATION|||UN|00|87083090||||0|
|0200|20.2R2721507|PEDAL ACELERADOR C/MODULO ELETRONICO|||UN|00|87089990||||0|
|0200|20.2RG198301B|REPARO CABECOTE COMPRESSOR COMPLETO|||UN|00|84149039||||0|
|0200|20.2S2121051H|MANGUEIRA INF RADIADOR VW|||UN|00|40093290||||0|
|0200|20.2S2721405|CILINDRO MESTRE EMBREAGEM|||UN|00|87089300||||0|
|0200|20.2S2906048|INTERRUPTOR FREIO MOTOR|||UN|00|85365090||||0|
|0200|20.2S2971771|CHICOTE ALAVANCA CAMBIO|||UN|00|85443000||||0|
|0200|20.2T2721261|CILINDRO RECEPTADOR|||UN|00|87089300||||0|
|0200|20.2VC145605|COMPRESSOR AR|||UN|00|84148019||||0|
|0200|20.2VC698415|JG REPARO VALVULA 4 VIAS KNORR 00/|||UN|00|87089990||||0|
|0200|20.2Z0100759C|COMPRESSOR|||UN|00|84148021||||0|
|0200|20.JS12831|MANGUEIRA INFERIOR RADIADOR|||UN|00|40093290||||0|
|0200|20.TAG607271|VALVULA DRENO AUTOMATICO|||UN|00|84818099||||0|
|0200|20.TJG607410A|VALVULA DESCARGA RAPIDA ROSCA NUP|||UN|00|84818099||||0|
|0200|20.TL7525267|CALCO PINHAO DIFERENCIAL BRASEIXOS 7.81MM|||UN|00|87085099||||0|
|0200|20.TL7525267AF|CALCO PINHAO DIFERENCIAL BRASEIXOS 8.50MM|||UN|00|87089990||||0|
|0400|1403-3H|COMPRA COMERCIALIZAÃ‡AO SUBSTITUICAO TRIBUTARIA|
|0400|2403-3H|COMPRA COMERCIALIZAÃ‡AO SUBSTITUICAO TRIBUTARIA|
|0400|2411-3H|DEVOLUCAO VENDA MERCADORIA SUBSTITUICAO TRIBUTARIA|
|0450|3|Dev. Nf(s): 412939-1 17/09/2020 R$540,00.|
|0140|Empresa numero 709|JS FORTALEZA|04185877000821|CE|062869302|2304400|||
|0150|CE24629204000154|TSE TRANSPORTE SERVICOS E LOCACAO DE VEICULO LTDA - EPP|1058|24629204000154||064960021|2304400||GABRIEL FIUZA|500||VILA PERI|
|0150|SP416170000151|KNORR BREMSE SISTEMAS P VEICULOS COMERCIAIS BRASIL LTDA|1058|00416170000151||388024701112|3524006||CYRINEU TONOLLI|1519|BLOCO A|NOVA ERA|
|0150|CE11382456000180|VBEX LIGEIRINHO SERVIÃ‡OS DE ENTREGAS LTDA|1058|11382456000180||065104447|2304400||FREI ORLANDO|626||BOM FUTURO|
|0150|CE7221070000119|BEZERRA & OLIVEIRA COM DE AUTOPECAS LTDA - (FORTALEZA-CE)|1058|07221070000119||061020605|2304400||PRINCESA ISABEL, 1185|.||CENTRO|
|0150|SP68857085000162|TIETE VEICULOS LTDA|1058|68857085000162||113556643114|3550308||MARGINAL DIREITA DO TIETE|700||VILA JAGUARA|
|0150|CE7173317000179|NOSSO ESTOQUE DISTRIBUIDORA DE PECAS LTD|1058|07173317000179||067012868|2304400||PADRE MORORO N 1825|||FARIAS BRITO|
|0150|SP4125812000700|MORELATE DISTRIBUIDORA DE AUTO PECAS LTDA|1058|04125812000700||149727128117|3550308||VALENTINO CARDOSO|5||JARDIM JARAGUA|
|0150|SP54625819002893|EATON LTDA - (VALINHOS-SP)|1058|54625819002893||708022621110|3556206||CLARK|2061||MACUCO|
|0150|CE7965809000520|AUTO PECAS PADRE CICERO LTDA (FORTALEZA)|1058|07965809000520||069674914|2304400||PROF. GOMES DE MATOS , 1337|||MONTESE|
|0150|SP28419262000104|BRP IND COM IMP E EXP DE AUTOPECAS LTDA|1058|28419262000104||353359380110|3520509||SAFIRA|273B|ENTRADA LATERAL|RECREIO CAMPESTRE JOIA|
|0150|CE61490561007628|DISTRIBUIDORA AUTOMOTIVA S/A - (FORTALEZA-CE)|1058|61490561007628||061809314|2304400||AGUANANBI|636||JOSE BONIFACIO|
|0150|SP4935166000150|M.SAM DISTRIBUIDORA DE PECAS LTDA|1058|04935166000150||336685042118|3518800||SANTOS DUMONT|2137||CUMBICA|
|0190|UN|Unidade|
|0200|1.2V5721261B|ATUADOR EMBREAGEM CX CAMBIO ZF|||UN|00|87089300||||0|
|0200|1.2Z0607262B|VALVULA MODULADORA ABS 24V|||UN|00|87083090||||0|
|0200|105.281845121|GUARNICAO PARABRISA|||UN|00|40169990||||0|
|0200|105.2RH145473|CURVA DE ESCAPE|||UN|00|84099915||||0|
|0200|105.2RR312023|PROTETOR|||UN|00|40169990||||0|
|0200|105.2T2121101G|MANGUEIRA AGUA RADIADOR|||UN|00|40093100||||0|
|0200|105.2T2919457B|INTERRUPTOR NEUTRO CX ZF|||UN|00|87084090||||0|
|0200|105.2VB721405|CILINDRO MESTRE EMBREAGEM|||UN|00|87089300||||0|
|0200|105.2VF607357|VALVULA PEDAL FREIO|||UN|00|84818099||||0|
|0200|105.2W0117413A|MANGUEIRA RESFRIADOR AR D8X 04/|||UN|00|40093100||||0|
|0200|105.3605040012|COXIM RADIADOR MB 1313/1513/2213|||UN|00|87089990||||0|
|0200|105.3865288282|MANGUEIRA INTERCULER MBB|||UN|00|40093100||||0|
|0200|105.JS40129|BIELETA LE/LD|||UN|00|87089990||||0|
|0200|105.JS40343|BUCHA ESTAB. DIANT.|||UN|00|40169990||||0|
|0200|105.JS40538|TERMINAL DIRECAO LE|||UN|00|87089990||||0|
|0200|105.JS40539|TERMINAL DIRECAO LD|||UN|00|87089990||||0|
|0200|105.JS40596|BARRA DIRECAO|||UN|00|87089482||||0|
|0200|105.TF3105259|AMORTECEDOR VIBRACAO|||UN|00|40169990||||0|
|0200|2.2RR607423|VALVULA DISTRIBUIDORA|||UN|00|84818099||||0|
|0200|2.TJG607357C|VALVULA PEDAL FREIO|||UN|00|84812090||||0|
|0200|20.2P0311143|EIXO PILOTO CAMBIO|||UN|00|87084090||||0|
|0200|20.2R0311189A|RETENTOR MORINGA|||UN|00|40169990||||0|
|0200|20.2RD312023|GUARDA PO EIXO CAMBIO|||UN|00|40169990||||0|
|0200|20.2RG145515|VALVULA GOVERNADORA GARRAFINHA|||UN|00|87089990||||0|
|0200|20.2RG198301B|REPARO CABECOTE COMPRESSOR COMPLETO|||UN|00|84149039||||0|
|0200|20.2RG198301D|KIT CILINDRO COMPRESSOR KNORR 7.100|||UN|00|84149039||||0|
|0200|20.2S2721261|CILINDRO RECEPTADOR|||UN|00|87089300||||0|
|0200|20.2TJ198301A|REPARO CABECOTE COMPRESSOR|||UN|00|84149039||||0|
|0200|20.2VB863711|TAPETE DIANTEIRO|||UN|00|40169990||||0|
|0200|20.JS30372|EIXO PILOTO FSO4405C|||UN|00|87084090||||0|
|0200|20.T11698555|JG REPARO VALV PEDAL KNORR VW/MB OH14|||UN|00|87083090||||0|
|0200|20.TJG607337|VALVULA RETENCAO DUPLA KNORR|||UN|00|84818099||||0|
|0200|20.TJG607410A|VALVULA DESCARGA RAPIDA ROSCA NUP|||UN|00|84818099||||0|
|0200|compraD8|Compra diversas - compraD8|||UN|07|||||0|
|0400|1403-3E|COMPRA COMERCIALIZAÃ‡AO SUBSTITUICAO TRIBUTARIA|
|0400|2403-3E|COMPRA COMERCIALIZAÃ‡AO SUBSTITUICAO TRIBUTARIA|
|0140|Empresa numero 712|JS NATAL|04185877000902|RN|200969080|2403251|||
|0150|RN3538129000146|MEGADIESEL PECAS E SERVICOS EIRELI (MEGADIESEL)|1058|03538129000146||200847376|2403251||PILOTO PEREIRA TIM|2260||CENTRO|
|0150|SP416170000151|KNORR BREMSE SISTEMAS P VEICULOS COMERCIAIS BRASIL LTDA|1058|00416170000151||388024701112|3524006||CYRINEU TONOLLI|1519|BLOCO A|NOVA ERA|
|0150|SP15129315000887|TRANSPORTADORA PRIMEIRA DO NORDESTE|1058|15129315000887||336244774119|3518800||JULIO DE CASTILHOS|71||CIDADE INDUSTRIAL SATELITE DE|
|0150|RN8453698000102|GUANABARA AUTO DIESEL LTDA (GUARAUTO)|1058|08453698000102||200663011|2408102||CAPITÃƒO MOR GOUVEIA|126||QUINTAS|
|0190|UN|Unidade|
|0200|1.2RK121303|HELICE RADIADOR 7 PALHETAS CUMMINS|||UN|00|87082919||||0|
|0200|105.2R0311189A|RETENTOR MORINGA|||UN|00|40169990||||0|
|0200|20.2R0100759A|COMPRESSOR AR MOTOR ELETR.SERIE 2000|||UN|00|84148019||||0|
|0200|20.2R2721257|SERVO EMBREAGEM|||UN|00|87089300||||0|
|0200|20.2RD607345|REPARO VALVULA DUAS VIAS|||UN|00|87083090||||0|
|0200|20.2RG145515|VALVULA GOVERNADORA GARRAFINHA|||UN|00|87089990||||0|
|0200|20.2RH117241|MANGUEIRA LIGACAO INTERCOOLER|||UN|00|40093100||||0|
|0200|20.2VD607357|VALVULA PEDAL FREIO|||UN|00|87083090||||0|
|0200|20.TJG607410A|VALVULA DESCARGA RAPIDA ROSCA NUP|||UN|00|84818099||||0|
|0200|20.TNR607316|VALVULA RESERVATORIO AR|||UN|00|84818099||||0|
|0400|1102-1C|COMPRA PARA COMERCIALIZAÃ‡ÃƒO|
|0400|1202-1C|DEVOLUCAO VENDA MERCADORIA ADQ OU RECEBIDA TERCEIROS|
|0400|2102-1C|COMPRA PARA COMERCIALIZACAO|
|0400|2403-3C|COMPRA COMERCIALIZAÃ‡AO SUBSTITUICAO TRIBUTARIA|
|0450|25|Dev. Nf(s): 186786-1 18/11/2020 R$665,00.|
|0140|Empresa numero 715|JS ARACAJU|04185877001208|SE|271195401|2800308|||
|0150|PE11623920000263|VANNUCCI IMPORTACAO, EXPORTACAO E COM. DE AUTOPECAS LTDA|1058|11623920000263||048868019|2611606||MARECHAL MASCARENHAS DE MORAIS|690||IMBIRIBEIRA|
|0150|SP45967890000143|INDUSTRIA E COMERCIO DE AUTO PECAS REI LTDA|1058|45967890000143||243000031112|3509403||ROD. SP, 338 KM 308 + 200 MTS.,||CAJURU|CENTRO|
|0150|SE607260000120|VIA VERDE TRANSPORTES E LOGISTICA LTDA-ARACAJU|1058|00607260000120||270893873|2800308||03,LOTEAMENTO PORTAL INDL DE ARACAJU|85||OLARIA|
|0150|SP54625819002893|EATON LTDA - (VALINHOS-SP)|1058|54625819002893||708022621110|3556206||CLARK|2061||MACUCO|
|0150|SP2162259000326|INTERNATIONAL IND AUT DA AMERICA DO SUL LTDA (MWM)|1058|02162259000326||407531352115|3525904||AV ODILA CHAVES RODRIGUES|1277|PARQUE INDUSTRIAL RM|PARQUE INDUSTRIAL RM|
|0150|SE9296295001565|AZUL LINHAS AEREAS BRASILEIRAS SA|1058|09296295001565||271239204|2800308||SIRIRI|513||CENTRO|
|0150|GO18233211001292|FL BRASIL HOLDING, LOGISTICA E TRANSPORTE LTDA|1058|18233211001292||107036690|5208707||BR 153|S/N|KM 5.5 GALPAO5 MOD 1 2 3 4 PARTE|FAZENDA RETIRO|
|0190|UN|Unidade|
|0200|1.2R0115105A|BOMBA OLEO MOTOR MWM X12TCE|||UN|00|84133030||||0|
|0200|1.2RD521205|ROLAMENTO CARDAN 40MM BORRACHA MEDIA|||UN|00|87085099||||0|
|0200|1.2VG199381|COXIM TRAS MOTOR|||UN|00|87089990||||0|
|0200|1.TE3521205|ROLAMENTO CARDAN 45MM BUS|||UN|00|87085099||||0|
|0200|1.TJG199381|COXIM TRAS MOTOR VW16220/24200|||UN|00|87089990||||0|
|0200|1.TJG899607|COXIM CABINE DT VW/CARGO|||UN|00|87089990||||0|
|0200|2.03873013|MANGUEIRA CAVALETE MOTOR MWM D/TD229|||UN|00|40091100||||0|
|0200|2.JS50238|BUCHA BARRA ESTABILIZADORA DIANT|||UN|00|40169990||||0|
|0200|20.2P0311269|ANEL SINCRONIZADOR 3A FSO4405C|||UN|00|87084090||||0|
|0200|20.2R0311189A|RETENTOR MORINGA|||UN|00|40169990||||0|
|0200|20.2RD311263|ANEL SINCRONIZADOR RE (1)|||UN|00|87084090||||0|
|0200|20.2RD311565|GARFO ENGATE 5/RE|||UN|00|87084090||||0|
|0200|20.2RK311145|EIXO PILOTO CX EATON|||UN|00|87084090||||0|
|0200|20.2T0821119|REFORCO P/ PARALAMAS DIANTEIRO|||UN|00|40093100||||0|
|0200|20.2T0821120|REFORCO P PARA-LAMAS TRSEIRO|||UN|00|40093100||||0|
|0200|20.JS11027|COXIM TRASEIRO DO MOTOR AGRALE|||UN|00|87089990||||0|
|0200|20.JS30117|CONJ SUPORTE CONTRAPESO ALAVANCA MARCCHA|||UN|00|87084090||||0|
|0200|20.JS80719|KIT COXINS TRASEIRO CABINE|||UN|00|87089990||||0|
|0200|20.T21411045|BUCHA ESTABILIZADOR DIANTEIRO|||UN|00|87089990||||0|
|0200|3.TEG199381B|COXIM TRAS.MOTOR C/PINO|||UN|00|87089990||||0|
|0400|2403-3M|COMPRA COMERCIALIZAÃ‡AO SUBSTITUICAO TRIBUTARIA|
|0140|Empresa numero 718|JS BAYEUX|04185877001127|PB|161490263|2501807|||
|0150|SP22762139000105|FALMA INDUSTRIA E COMERCIO DE PECAS LTDA|1058|22762139000105||144750450110|3550308||FRANCISCO MESQUITA|19||VILA MONTE ALEGRE|
|0150|GO2012862000402|TAM CARGO - GOIANIA|1058|02012862000402||102114889|5208707||PC CAPITAO FRAZAO|S/N||SANTA GENOVEVA|
|0150|SP54625819002893|EATON LTDA - (VALINHOS-SP)|1058|54625819002893||708022621110|3556206||CLARK|2061||MACUCO|
|0150|PB4393371000212|UNIMOTO BRASIL COOPERTRANS MOTOC ENC EXPRESS MULTI|1058|04393371000212|||2507507||BARÃƒO DA PASSAGEM|1492|SALA 02|TORRE|
|0190|UN|Unidade|
|0200|1.TAP141197|GUARDA PO CARCACA EMBREAGEM|||UN|00|40169990||||0|
|0200|1.TJG899441|BUCHA BI-PAR BARRA TORCAO|||UN|00|87082999||||0|
|0200|20.251721363|MOLA RETORNO PEDAL EMBREAGEM|||UN|00|73201000||||0|
|0200|20.2RD312023|GUARDA PO EIXO CAMBIO|||UN|00|40169990||||0|
|0200|20.TEG105315|BUCHA EIXO PILOTO|||UN|00|87089990||||0|
|0200|3.2VB721507|PEDAL ACELERADOR|||UN|00|87082999||||0|
|0200|4.2P0711026|COXIM ALAVANCA CAMBIO|||UN|00|87089990||||0|
|0200|compraD13|Compra diversas - compraD13|||UN|07|||||0|
|0400|2403-3J|COMPRA COMERCIALIZAÃ‡AO SUBSTITUICAO TRIBUTARIA|
|0140|Empresa numero 721|JS SINOP|04185877001399|MT|133392791|5107909|13908||
|0150|SP416170000151|KNORR BREMSE SISTEMAS P VEICULOS COMERCIAIS BRASIL LTDA|1058|00416170000151||388024701112|3524006||CYRINEU TONOLLI|1519|BLOCO A|NOVA ERA|
|0150|SP54625819002893|EATON LTDA - (VALINHOS-SP)|1058|54625819002893||708022621110|3556206||CLARK|2061||MACUCO|
|0150|MT5464895000139|TRANSETE TRANSPORTES SEGUROS LTDA|1058|05464895000139||00132147491|5103403||UM -  QDA 23 LOTEAMENTO SAO JOSE|S/N||JARDIM PARAISO|
|0150|MT7018204000441|COPECAL DISTRIBUIDORA DE AUTO PECAS LTDA.|1058|07018204000441||00136895590|5107909||ENIO PIPINO, COLONIZADOR|4173||SETOR INDUSTRIAL NORTE|
|0190|UN|Unidade|
|0200|105.2R2898870|BUCHA FIXACAO CABINE|||UN|00|40169990||||0|
|0200|20.2P0311269|ANEL SINCRONIZADOR 3A FSO4405C|||UN|00|87084090||||0|
|0200|20.2R0311189A|RETENTOR MORINGA|||UN|00|40169990||||0|
|0200|20.2R0311549|GARFO ENGATE 1A/2A VEL (SO GARFO)|||UN|00|87084090||||0|
|0200|20.2R0399109|INSERTO CAMBIO FSO4405C|||UN|00|87084090||||0|
|0200|20.2RD311273B|ANEL SINCRONIZADOR 3A|||UN|00|87084090||||0|
|0200|20.2RD311291A|ANEL SINCRONIZADOR 1A/2A EXTERNO MAIOR|||UN|00|87084090||||0|
|0200|20.2RD312023|GUARDA PO EIXO CAMBIO|||UN|00|40169990||||0|
|0200|20.2RD398015|KIT TRAVAS PINOS E ESFERAS|||UN|00|87084090||||0|
|0200|20.2RG145515|VALVULA GOVERNADORA GARRAFINHA|||UN|00|87089990||||0|
|0200|20.2RL607408A|VALVULA RELE|||UN|00|87083090||||0|
|0200|20.2T0198389|JG REPARO LAMELA COMPLETO|||UN|00|84149039||||0|
|0200|20.2T2721261|CILINDRO RECEPTADOR|||UN|00|87089300||||0|
|0200|20.JS10846|COMPRESSOR AR CARGO 814/815 KNORR 02/|||UN|00|84148019||||0|
|0200|20.JS30790|KIT BUCHAS PINO  PARA GARFO CX|||UN|00|87084090||||0|
|0200|20.JS61131|VALVULA SELENOIDE CONTROLE TRACAO (ABS) 24V|||UN|00|84818092||||0|
|0200|20.TAR607337B|VALVULA RETENCAO DUPLA|||UN|00|84818099||||0|
|0200|20.TAR607410A|VALVULA DESCARGA KNORR ROSCA M16|||UN|00|84818099||||0|
|0400|1403-3B|COMPRA COMERCIALIZAÃ‡AO SUBSTITUICAO TRIBUTARIA|
|0400|2403-3B|COMPRA COMERCIALIZAÃ‡AO SUBSTITUICAO TRIBUTARIA|
|0140|Empresa numero 724|JS JUAZEIRO DO NORTE|04185877001631|CE|062160524|2304202|||
|0150|SP28419262000104|BRP IND COM IMP E EXP DE AUTOPECAS LTDA|1058|28419262000104||353359380110|3520509||SAFIRA|273B|ENTRADA LATERAL|RECREIO CAMPESTRE JOIA|
|0150|SP416170000151|KNORR BREMSE SISTEMAS P VEICULOS COMERCIAIS BRASIL LTDA|1058|00416170000151||388024701112|3524006||CYRINEU TONOLLI|1519|BLOCO A|NOVA ERA|
|0150|CE23947093000161|VB TRANS - TRANSPORTE DE CARGAS LTDA - ME|1058|23947093000161||064932435|2304400||DESEMBARGADOR PRAXEDES|419||BOM FUTURO|
|0190|UN|Unidade|
|0200|2.2RR607423|VALVULA DISTRIBUIDORA|||UN|00|84818099||||0|
|0200|2.2T2607355|VALVULA PEDAL FREIO CONSTELLATION|||UN|00|84812090||||0|
|0200|2.TJG607357C|VALVULA PEDAL FREIO|||UN|00|84812090||||0|
|0200|20.2R2798435|JG REPARO CILINDRO TRANSMIS.CONSTELLATION|||UN|00|87089300||||0|
|0200|20.2RG145515|VALVULA GOVERNADORA GARRAFINHA|||UN|00|87089990||||0|
|0200|20.2S2721261|CILINDRO RECEPTADOR|||UN|00|87089300||||0|
|0200|20.TJG607410A|VALVULA DESCARGA RAPIDA ROSCA NUP|||UN|00|84818099||||0|
|0400|2403-3E|COMPRA COMERCIALIZAÃ‡AO SUBSTITUICAO TRIBUTARIA|
|0140|Empresa numero 727|JS VITORIA DA CONQUISTA|04185877001984|BA|75717791|2933307|||
|0150|SP416170000151|KNORR BREMSE SISTEMAS P VEICULOS COMERCIAIS BRASIL LTDA|1058|00416170000151||388024701112|3524006||CYRINEU TONOLLI|1519|BLOCO A|NOVA ERA|
|0150|SP54625819002893|EATON LTDA - (VALINHOS-SP)|1058|54625819002893||708022621110|3556206||CLARK|2061||MACUCO|
|0150|SP9341907000199|WABCO CENTRO DE DISTRIBUICAO DE PECAS AUTOMOTIVAS LTDA|1058|09341907000199||244818507110|3509502||JAMES CLERK MAXWELL|620||G QUARTEIRAO 9677|
|0190|UN|Unidade|
|0200|1.JS12973|COMPRESSOR AR MAXX FORCE|||UN|00|84099999||||0|
|0200|1.JS60316|VALVULA DESCARGA RAPIDA PITBULL|||UN|00|84812090||||0|
|0200|1.JS60912|VALVULA SENSIVEL CARGA|||UN|00|84818099||||0|
|0200|1.JS68141|VALVULA FREIO DE ESTACIONAMENTO|||UN|00|84812090||||0|
|0200|20.2R0311189A|RETENTOR MORINGA|||UN|00|40169990||||0|
|0200|20.2RD311291A|ANEL SINCRONIZADOR 1A/2A EXTERNO MAIOR|||UN|00|87084090||||0|
|0200|20.2RG145515|VALVULA GOVERNADORA GARRAFINHA|||UN|00|87089990||||0|
|0200|20.2RP698805|JG REPARO VALVULA REGULADORA|||UN|00|87083090||||0|
|0200|20.2TJ198301A|REPARO CABECOTE COMPRESSOR|||UN|00|84149039||||0|
|0200|20.TJG607410A|VALVULA DESCARGA RAPIDA ROSCA NUP|||UN|00|84818099||||0|
|0400|2403-3H|COMPRA COMERCIALIZAÃ‡AO SUBSTITUICAO TRIBUTARIA|
|0140|Empresa numero 730|JS MACEIO|04185877002018|AL|242141005|2704302|||
|0150|SP4125812000700|MORELATE DISTRIBUIDORA DE AUTO PECAS LTDA|1058|04125812000700||149727128117|3550308||VALENTINO CARDOSO|5||JARDIM JARAGUA|
|0150|SP416170000151|KNORR BREMSE SISTEMAS P VEICULOS COMERCIAIS BRASIL LTDA|1058|00416170000151||388024701112|3524006||CYRINEU TONOLLI|1519|BLOCO A|NOVA ERA|
|0150|AL945958000589|GLOBAL AIR CARGO LTDA|1058|00945958000589|||2704302||AV SERGIO LUIZ PESSOA BRAGA|6440||ANTARES|
|0150|GO18233211001292|FL BRASIL HOLDING, LOGISTICA E TRANSPORTE LTDA|1058|18233211001292||107036690|5208707||BR 153|S/N|KM 5.5 GALPAO5 MOD 1 2 3 4 PARTE|FAZENDA RETIRO|
|0150|AL3202226000163|VELEIRO TRANSPORTES E TURISMO LTDA|1058|03202226000163||240964020|2704302||SIQUEIRA CAMPOS|2246||JACINTINHO|
|0190|UN|Unidade|
|0200|2.2S0198049A|RETENTOR SAIDA DIFERENCIAL ANTERIOR|||UN|00|40169300||||0|
|0200|20.2P0100759A|COMPRESSOR AR KNORR CUMMINS ISF 3.8|||UN|00|84148019||||0|
|0200|20.2RG145515|VALVULA GOVERNADORA GARRAFINHA|||UN|00|87089990||||0|
|0200|20.2RP607243|REGULADOR PRESSAO 8,4+-0,2 m22x1,5|||UN|00|87089990||||0|
|0200|20.2SS857531|BRACO RETROVISOR LE|||UN|00|87082919||||0|
|0200|20.2SS857532|BRACO RETROVISOR LD|||UN|00|87082919||||0|
|0200|20.T13607271A|VALVULA DRENO ROSCA M22|||UN|00|84818099||||0|
|0200|20.TAR607337B|VALVULA RETENCAO DUPLA|||UN|00|84818099||||0|
|0200|20.TJG607410A|VALVULA DESCARGA RAPIDA ROSCA NUP|||UN|00|84818099||||0|
|0200|compraD27|Compra diversas - compraD27|||UN|07|||||0|
|0400|2403-3Y|COMPRA COMERCIALIZAÃ‡AO SUBSTITUICAO TRIBUTARIA|
|0140|Empresa numero 733|JS RECIFE|04185877002107|PE|037948903|2607901|9575243||
|0150|PE11623920000263|VANNUCCI IMPORTACAO, EXPORTACAO E COM. DE AUTOPECAS LTDA|1058|11623920000263||048868019|2611606||MARECHAL MASCARENHAS DE MORAIS|690||IMBIRIBEIRA|
|0150|PE15129315000372|TRANSPORTADORA PRIMEIRA DO NORDESTE LTDA|1058|15129315000372||072878100|2611606||3o ACESSO PARQUE NACIONAL GUARARAPES|160||JARDIM JORDAO|
|0150|PE16417234000179|EKKO PARTS DISTRIB. AUTO PEÃ‡AS LTDA ME|1058|16417234000179||049315641|2611606||CORONEL ALFREDO DUARTE|381||AFOGADOS|
|0150|PE61490561007113|DISTRIBUIDORA AUTOMOTIVA S/A- RECIFE|1058|61490561007113||026617994|2611606||SAO MIGUEL|945||AFOGADOS|
|0150|PE35512722000100|REDIESEL RECIFE AUTODIESEL LTDA|1058|35512722000100||016616634|2607901||BR-101|S/N|KM 79.5|MURIBECA|
|0150|SP54625819002893|EATON LTDA - (VALINHOS-SP)|1058|54625819002893||708022621110|3556206||CLARK|2061||MACUCO|
|0150|SP2162259000326|INTERNATIONAL IND AUT DA AMERICA DO SUL LTDA (MWM)|1058|02162259000326||407531352115|3525904||AV ODILA CHAVES RODRIGUES|1277|PARQUE INDUSTRIAL RM|PARQUE INDUSTRIAL RM|
|0150|SP49295900000100|POLIPECAS COM. IMP. REP. LTDA|1058|49295900000100||109866020116|3550308||SCIPIAO, 369|||VILA ROMANA|
|0150|PE7531716000164|FERNANDO G. DE BARROS TRANSPORTES|1058|07531716000164||032913320|2604106||SEBASTIÃƒO JOSÃ‰ DE MENEZES|043|NOS FUNDOS|KENNEDY|
|0150|SP68857085000162|TIETE VEICULOS LTDA|1058|68857085000162||113556643114|3550308||MARGINAL DIREITA DO TIETE|700||VILA JAGUARA|
|0190|UN|Unidade|
|0200|105.2T0607359D|VALVULA DESCARGA RAPIDA|||UN|00|84818099||||0|
|0200|105.2T2115617K|MANGUEIRA|||UN|00|40093100||||0|
|0200|105.2U2109601A|VALVULA ADMISSAO MOTOR NGD9.3E 370CV|||UN|00|84099914||||0|
|0200|105.2VB863711033|TAPETE DT|||UN|00|40169990||||0|
|0200|105.2VC607403|VALVULA FREIO MAO|||UN|00|84818099||||0|
|0200|105.2W0607359|VALVULA DESCARGA RAPIDA E RETENCAO|||UN|00|84818099||||0|
|0200|105.JS18145|RESFRIADOR OLEO LUBRIFICANTE|||UN|00|87089100||||0|
|0200|105.JS18588|MANGUEIRA RESFRIADOR OLEO|||UN|00|40094100||||0|
|0200|105.JS40153|AMORTECEDOR DT F350 99/|||UN|00|87088000||||0|
|0200|105.JS40200|BUCHA BRACO EIXO DT|||UN|00|40169990||||0|
|0200|105.JS40209|BUCHA EIXO DT (MENOR)|||UN|00|40169990||||0|
|0200|20.2R0311189A|RETENTOR MORINGA|||UN|00|40169990||||0|
|0200|20.2RD398015|KIT TRAVAS PINOS E ESFERAS|||UN|00|87084090||||0|
|0200|20.JS19493|MANGUEIRA SAIDA AR|||UN|00|40093100||||0|
|0200|3.TAE105275|CREMALHEIRA MOTOR|||UN|00|84834090||||0|
|0400|1403-3Z|COMPRA COMERCIALIZAÃ‡AO SUBSTITUICAO TRIBUTARIA|
|0400|2403-3Z|COMPRA COMERCIALIZAÃ‡AO SUBSTITUICAO TRIBUTARIA|
|0140|Empresa numero 752|JS CAMPINA GRANDE|04185877001550|PB|161536310|2504009|||
|0150|GO2012862000402|TAM CARGO - GOIANIA|1058|02012862000402||102114889|5208707||PC CAPITAO FRAZAO|S/N||SANTA GENOVEVA|
|0150|PB4866656000142|GAMA DIESEL LTDA|1058|04866656000142||161355935|2504009||ASSIS CHATEAUBRIAND|1971||LIBERDADE|
|0150|SP416170000151|KNORR BREMSE SISTEMAS P VEICULOS COMERCIAIS BRASIL LTDA|1058|00416170000151||388024701112|3524006||CYRINEU TONOLLI|1519|BLOCO A|NOVA ERA|
|0150|PB26541826000151|LACERDA E BRASIL COMERCIO DE PECAS AUTOMOTIVAS LTDA ME|1058|26541826000151||162833512|2503704||PEDRO MORENO GONDIM|925||REMEDIOS|
|0150|SP54625819002893|EATON LTDA - (VALINHOS-SP)|1058|54625819002893||708022621110|3556206||CLARK|2061||MACUCO|
|0150|PB8661479000119|IDEAL DISTRIBUIDORA DE PECAS PARA VEICULOS LTDA|1058|08661479000119||161511198|2504009||LUIZ SOARES|272||CENTRO|
|0190|UN|Unidade|
|0200|105.2T0607359G|VALVULA RELE|||UN|00|84818099||||0|
|0200|105.2T2121101AC|MANGUEIRA SUPERIOR RADIADOR|||UN|00|40093100||||0|
|0200|105.JS10408|COXIM MOTOR DT LD|||UN|00|40169990||||0|
|0200|105.JS10409|COXIM MOTOR DT LE|||UN|00|40169990||||0|
|0200|105.JS10651|SUPORTE TRAS MOTOR|||UN|00|87089990||||0|
|0200|20.2P0721405|CILINDRO MESTRE EMBREAGEM|||UN|00|87089300||||0|
|0200|20.2RD312023|GUARDA PO EIXO CAMBIO|||UN|00|40169990||||0|
|0200|20.2TJ145605|COMPRESSOR AR|||UN|00|84148019||||0|
|0200|20.2U0505179A|BUCHA TIRANTE SUSPENSAO|||UN|00|40169990||||0|
|0200|20.2VC607243|VALVULA REGULADOR PRESSAO|||UN|00|87089990||||0|
|0200|20.2VF607243|VALVULA REGULADORA PRESSAO|||UN|00|87089990||||0|
|0200|20.TAR607410A|VALVULA DESCARGA KNORR ROSCA M16|||UN|00|84818099||||0|
|0200|20.TJG301235G|JUNTA|||UN|00|48239099||||0|
|0200|20.TJG607410A|VALVULA DESCARGA RAPIDA ROSCA NUP|||UN|00|84818099||||0|
|0400|1403-3J|COMPRA COMERCIALIZAÃ‡AO SUBSTITUICAO TRIBUTARIA|
|0400|1411-3J|DEVOLUCAO VENDA MERCADORIA SUBSTITUICAO TRIBUTARIA|
|0400|2403-3J|COMPRA COMERCIALIZAÃ‡AO SUBSTITUICAO TRIBUTARIA|
|0450|23|Dev. Nf(s): 107887-1 17/11/2020 R$750,00.|
|0140|Empresa numero 755|JS IMPERATRIZ|04185877001712|MA|122408969|2105302|||
|0150|SP4125812000700|MORELATE DISTRIBUIDORA DE AUTO PECAS LTDA|1058|04125812000700||149727128117|3550308||VALENTINO CARDOSO|5||JARDIM JARAGUA|
|0150|SP12432329000372|ANCHIETA PECAS DISTRIBUIDORA DE PECAS PARA CAMINHOES E ONIBU|1058|12432329000372||626420270110|3547809||DOS ESTADOS|2192||VILA METALURGICA|
|0150|SP416170000151|KNORR BREMSE SISTEMAS P VEICULOS COMERCIAIS BRASIL LTDA|1058|00416170000151||388024701112|3524006||CYRINEU TONOLLI|1519|BLOCO A|NOVA ERA|
|0150|SP2162259000326|INTERNATIONAL IND AUT DA AMERICA DO SUL LTDA (MWM)|1058|02162259000326||407531352115|3525904||AV ODILA CHAVES RODRIGUES|1277|PARQUE INDUSTRIAL RM|PARQUE INDUSTRIAL RM|
|0150|MA7361082000149|TOCAUTO CAMINHOES LTDA|1058|07361082000149||120882655|2105302||RODOVIA BR 010 KM 1352|1352|COBRANCA: SILVIA|COCO GRANDE|
|0150|MA7213476000150|PILOTO PECAS AUTOMOTIVAS LTDA|1058|07213476000150||122176359|2105302||DORGIVAL PINHEIRO DE SOUSA|1861|ENTRONCAMENTO|CENTRO|
|0150|MA9296295004580|AZUL LINHAS AEREAS BRASILEIRAS S.A|1058|09296295004580|||2111300||DOS LIBANESES|001||TIRIRICAL|
|0150|GO5448784000139|FUTURA CAMINHOES E MAQUINAS LTDA|1058|05448784000139||103584617|5201108||BRASIL SUL|3697||SETOR SUL JAMIL MIGUEL|
|0150|MA11893920000100|D BRANDAO NEVES|1058|11893920000100||123314461|2105302||BR 010|198|PROXIMO AO VIADUTO|ENTRONCAMENTO|
|0150|MA945958001470|GLOBAL AIR CARGO IMPERATRIZ|1058|00945958001470|||2105302||BOM JESUS|380|IMP|MARANHAO NOVO|
|0190|UN|Unidade|
|0200|1.2TB198051|KIT CILINDRO MOTOR MWM X10TCA|||UN|00|84099929||||0|
|0200|1.TJG711116|PROTETOR ALAVANCA CAMBIO|||UN|00|40093100||||0|
|0200|105.001607887|VALVULA DISTRIBUIDORA|||UN|00|84818099||||0|
|0200|105.07W105237|AMORTECEDOR VIBRACAO MOTOR MAN|||UN|00|87089990||||0|
|0200|105.2T2121051P|MANGUEIRA INFERIOR RADIADOR 19320E CONSTELLATION|||UN|00|40093100||||0|
|0200|105.2T2121101AC|MANGUEIRA SUPERIOR RADIADOR|||UN|00|40093100||||0|
|0200|105.2T2121101T|MANGUEIRA SUSPIRO RADIADOR|||UN|00|40093100||||0|
|0200|105.2T2145856G|MANGUEIRA INTERCOOLER|||UN|00|40093100||||0|
|0200|105.2T2199382M|COXIM TRAS SUSPENSAO MOTOR|||UN|00|40169990||||0|
|0200|20.2R0721503B|PEDAL ACELERADOR PARCIAL|||UN|00|87089990||||0|
|0200|20.2R2607403|VALVULA FREIO DE MAO CONSTELLATION|||UN|00|87083090||||0|
|0200|20.2R2949101A|LANTERNA SETA DIANT LE CONSTELLATION|||UN|00|85122022||||0|
|0200|20.2RG107127|CAMISA MOTOR MWM D/TD229|||UN|00|84099130||||0|
|0200|20.2RG145515|VALVULA GOVERNADORA GARRAFINHA|||UN|00|87089990||||0|
|0200|20.2T0860114|VALVULA DRENO AUTOMATICO|||UN|00|84818099||||0|
|0200|20.2T2721261|CILINDRO RECEPTADOR|||UN|00|87089300||||0|
|0200|20.2TJ198301A|REPARO CABECOTE COMPRESSOR|||UN|00|84149039||||0|
|0200|20.JS15194|JG ANEIS STD MOTOR MWM SPRINT|||UN|00|84099979||||0|
|0200|20.JS15294|POLIA FRIZADA C/ PARAFUSO MOTOR MWM|||UN|00|84835010||||0|
|0200|20.JS15311|ESTICADOR CORREIA MOTOR MWM SPRINT|||UN|00|84835090||||0|
|0200|20.JS15599|MANGUEIRA FILTRO AR TURBINA MOTOR MWM SPRINT|||UN|00|40091100||||0|
|0200|20.JS31702|MOLA FIXACAO CX CAMBIO|||UN|00|87089990||||0|
|0200|20.T12105431|BUCHA BIELA ACABADA MOTOR MWM D/TD229|||UN|00|84833029||||0|
|0200|20.TAR607408B|VALVULA RELE FREIO|||UN|00|87083090||||0|
|0200|20.TJG607410A|VALVULA DESCARGA RAPIDA ROSCA NUP|||UN|00|84818099||||0|
|0200|20.TNR607316|VALVULA RESERVATORIO AR|||UN|00|84818099||||0|
|0400|1403-3F|COMPRA COMERCIALIZAÃ‡AO SUBSTITUICAO TRIBUTARIA|
|0400|2403-3F|COMPRA COMERCIALIZAÃ‡AO SUBSTITUICAO TRIBUTARIA|
|0140|Empresa numero 758|JS MACAPA|04185877001801|AP|030314771|1600303|||
|0150|SP39394790000172|IVO TERRUGGI JR TRANSPORTES RODOVIA|1058|39394790000172||127230294110|3518800||SANTOS DUMONT|1544||CIDADE INDUSTRIAL SATELITE DE|
|0140|Empresa numero 761|JS GOIANIA|04185877002280|GO|104619082|5208707|||
|0150|SP45967890000143|INDUSTRIA E COMERCIO DE AUTO PECAS REI LTDA|1058|45967890000143||243000031112|3509403||ROD. SP, 338 KM 308 + 200 MTS.,||CAJURU|CENTRO|
|0150|GO16624611003590|EMPRESA GONTIJO DE TRANSPORTES LTDA|1058|16624611003590||102015597|5208707||DA LAVOURA|651|QUADRA 56|SANTA GENOVEVA|
|0150|GO3162995000185|GOIAS VOLKS COMERCIO DE PEÃ‡AS LTDA|1058|03162995000185||103149805|5208707||DOS MISSIONÃ RIOS|1239||RODOVIÃ RIO|
|0150|SP416170000151|KNORR BREMSE SISTEMAS P VEICULOS COMERCIAIS BRASIL LTDA|1058|00416170000151||388024701112|3524006||CYRINEU TONOLLI|1519|BLOCO A|NOVA ERA|
|0150|SP54625819002893|EATON LTDA - (VALINHOS-SP)|1058|54625819002893||708022621110|3556206||CLARK|2061||MACUCO|
|0150|SP2162259000326|INTERNATIONAL IND AUT DA AMERICA DO SUL LTDA (MWM)|1058|02162259000326||407531352115|3525904||AV ODILA CHAVES RODRIGUES|1277|PARQUE INDUSTRIAL RM|PARQUE INDUSTRIAL RM|
|0150|GO1492584000122|RODAR TRANSPORTES LTDA|1058|01492584000122||102861005|5211909||ENGENHEIRO BANFIM|487||CENTRO|
|0150|GO13042651000196|MAGALHAES MOREIRA LOCACOES INDUSTRIA COMERCIO E SERVIÃ‡OS|1058|13042651000196||104896469|5201405||W 6|S/N|QUADRA 31 LOTE 14|SITIOS SANTA LUZIA|
|0190|UN|Unidade|
|0200|1.2R0121625C|MANGUEIRA BLOCO COMPRESSOR ACTEON MOTOR MWM X12TCE|||UN|00|40091100||||0|
|0200|1.2RD721173|ALMOFADA PEDAL|||UN|00|40169990||||0|
|0200|1.2SB199201|COXIM DIANT MOTOR|||UN|00|87089990||||0|
|0200|1.2T2199221A|COXIM MOTOR TRASEIRO|||UN|00|87089990||||0|
|0200|105.2T0145828|MANGUEIRA INTERCOOLER|||UN|00|40093100||||0|
|0200|105.JS13665|MANGUEIRA INTERCOOLER LE (MAIOR)|||UN|00|40093100||||0|
|0200|2.JS50238|BUCHA BARRA ESTABILIZADORA DIANT|||UN|00|40169990||||0|
|0200|20.2R0311189A|RETENTOR MORINGA|||UN|00|40169990||||0|
|0200|20.2R2721257|SERVO EMBREAGEM|||UN|00|87089300||||0|
|0200|20.JS11027|COXIM TRASEIRO DO MOTOR AGRALE|||UN|00|87089990||||0|
|0200|20.JS12710|COXIM DT MOTOR INFERIOR/SUPERIOR|||UN|00|87089990||||0|
|0200|20.JS12907|COXIM TRAS MOTOR|||UN|00|40169990||||0|
|0200|20.T12109651|TRAVA MOLA VALVULA MOTOR MWM X10/X12 D/TD229|||UN|00|84099190||||0|
|0200|20.TJG607410A|VALVULA DESCARGA RAPIDA ROSCA NUP|||UN|00|84818099||||0|
|0200|3.TEG199381B|COXIM TRAS.MOTOR C/PINO|||UN|00|87089990||||0|
|0200|4.2R0127177A|FILTRO COMBUSTIVEL BLINDADO MOTOR MWM X10TCA|||UN|00|84212300||||0|
|0200|5.2RD127491|FILTRO DIESEL RACOR MOTOR MWM X10/ SPRINT|||UN|00|84212300||||0|
|0400|1102-1L|COMPRA PARA COMERCIALIZAÃ‡ÃƒO|
|0400|1202-1L|DEVOLUCAO VENDA MERCADORIA ADQ OU RECEBIDA TERCEIROS|
|0400|2102-1L|COMPRA PARA COMERCIALIZACAO|
|0450|29|Dev. Nf(s): 128816-1 04/11/2020 R$215,00.|
|0140|Empresa numero 765|JS RIO DE JANEIRO|04185877002360|RJ|78990694|3304557|||
|0150|RJ14120369000223|JARBAS GONCALVES DIAS|1058|14120369000223||87342425|3301702||WASHINGTON LUIZ|2569||PARQUE DUQUE DE CAXIAS|
|0150|GO18233211001292|FL BRASIL HOLDING, LOGISTICA E TRANSPORTE LTDA|1058|18233211001292||107036690|5208707||BR 153|S/N|KM 5.5 GALPAO5 MOD 1 2 3 4 PARTE|FAZENDA RETIRO|
|0150|RJ9637385000339|MULTIMARCAS PECAS DIESEL LTDA - GALPÃƒO|1058|09637385000339||87114465|3304557||CASTELO BRANCO|063||PENHA CIRCULAR|
|0150|RJ29453826000279|TRANSPORTE GENEROSO LTDA|1058|29453826000279||83788658|3304557||FRANCISCO DE SOUSA E MELO|1590||CORDOVIL|
|0150|SP5514580000159|EXPRESSO MONTCAR LTDA|1058|05514580000159|||3550308||12 DE SETEMBRO, 893|||V. GUILHERME|
|0190|UN|Unidade|
|0200|105.2P0129493|MANGUEIRA RESPIRO 4.08 ELETRON.|||UN|00|40091100||||0|
|0400|1403-3V|COMPRA COMERCIALIZAÃ‡AO SUBSTITUICAO TRIBUTARIA|
|0140|Empresa numero 768|JS CENTRO DISTRIBUICAO|04185877002522|GO|105039179|5208707|||
|0150|SP841654000148|INDUSTRIAS MANGOTEX LTDA|1058|00841654000148||387040191110|3523909||SETE QUEDAS|1880||VILA PADRE BENTO|
|0150|SP26877864000180|SPEEDY CARGAS EXPRESSAS LTDA|1058|26877864000180||141631896118|3550308||MANUEL SILVINO BANDEIRA DE MELO|187||VILA GUILHERME|
|0190|UN|Unidade|
|0200|1.2U0117413|MANGUEIRA INTERCOOLER|||UN|00|40093100||||0|
|0400|2102-1L|COMPRA PARA COMERCIALIZACAO|
|0140|Empresa numero 771|JS TAILANDIA|04185877002794|PA|153891874|1507953|||
|0140|Empresa numero 774|JS CUIABA LOJA EXPRESS|04185877002875|MT|135909589|5103403|||
|0150|MT31553622000170|AM COMERCIO DE PECAS DE VEICULOS LTDA|1058|31553622000170|||5103403||VINTE|43|QUADRA 24|TANCREDO NEVES|
|0150|MT22634078000109|FRANCA TRANSPORTES DE PASSAGEIROS E CARGAS LTDA|1058|22634078000109||00135832160|5107065||SUL|1526|QUADRA08 LOTE 15 SALA 02|SETOR E|
|0150|SP54625819002893|EATON LTDA - (VALINHOS-SP)|1058|54625819002893||708022621110|3556206||CLARK|2061||MACUCO|
|0190|UN|Unidade|
|0200|105.8141581|COXIM SUPORTE CABINE 23,5X105X108|||UN|00|40169990||||0|
|0200|20.2R0311189A|RETENTOR MORINGA|||UN|00|40169990||||0|
|0200|20.2RD398033|KIT ANEL MOLA/LAMELA  3A/4A E 5A/RE|||UN|00|87084090||||0|
|0200|20.2RR312023|PROTETOR|||UN|00|40169990||||0|
|0200|20.JS31922|MANIPULO ALAVANCA MUDANCAS VALVULA PORCA|||UN|00|87084090||||0|
|0400|1403-3B|COMPRA COMERCIALIZAÃ‡AO SUBSTITUICAO TRIBUTARIA|
|0400|2403-3B|COMPRA COMERCIALIZAÃ‡AO SUBSTITUICAO TRIBUTARIA|
|0140|Empresa numero 778|JS MARABA|04185877001470|PA|152618376|1504208|308763||
|0150|SP416170000151|KNORR BREMSE SISTEMAS P VEICULOS COMERCIAIS BRASIL LTDA|1058|00416170000151||388024701112|3524006||CYRINEU TONOLLI|1519|BLOCO A|NOVA ERA|
|0150|SP54625819002893|EATON LTDA - (VALINHOS-SP)|1058|54625819002893||708022621110|3556206||CLARK|2061||MACUCO|
|0190|UN|Unidade|
|0200|20.2R0100759A|COMPRESSOR AR MOTOR ELETR.SERIE 2000|||UN|00|84148019||||0|
|0200|20.2R0311189A|RETENTOR MORINGA|||UN|00|40169990||||0|
|0200|20.TJG607410A|VALVULA DESCARGA RAPIDA ROSCA NUP|||UN|00|84818099||||0|
|0200|20.TNR607316|VALVULA RESERVATORIO AR|||UN|00|84818099||||0|
|0400|2403-3G|COMPRA COMERCIALIZAÃ‡AO SUBSTITUICAO TRIBUTARIA|
|0140|Empresa numero 780|JS BELO HORIZONTE|04185877001046|MG|0629955730080|3118601|||
|0150|MG2232235000134|REGIONAL DISTRIBUIDORA DE MOLAS LTDA|1058|02232235000134||0627321650013|3106200||GUIMARAES|1225||SAO FRANCISCO|
|0150|MG754526000167|VEMINAS CAMINHOES LTDA|1058|00754526000167||1869405630060|3118601||PRACA DR. ANTONIO M. GUIMARAES, 100|||CIDADE INDUSTRIAL|
|0150|GO2012862000402|TAM CARGO - GOIANIA|1058|02012862000402||102114889|5208707||PC CAPITAO FRAZAO|S/N||SANTA GENOVEVA|
|0150|MG38532537000175|LATICINIOS ITA INDUSTRIA E COMERCIO DE ALIMENTOS LTDA|1058|38532537000175||3196582890000|3131901||DOS INCONFIDENTES|0||ZONA RURAL|
|0150|MG22859817000152|IMPERIO PECAS DIESEL LTDA - ME|1058|22859817000152||0025930820090|3129806||RUA DO TREVO|7|LOJA|SOL NASCENTE|
|0150|SP416170000151|KNORR BREMSE SISTEMAS P VEICULOS COMERCIAIS BRASIL LTDA|1058|00416170000151||388024701112|3524006||CYRINEU TONOLLI|1519|BLOCO A|NOVA ERA|
|0150|MG525563001094|LASTRO TRANSPORTES LTDA|1058|00525563001094||3949397520712|3139409||R TEOCRITO PINHEIRO|240|BOX;1|BAIXADA|
|0150|MG1892631000397|REFIL PECAS DIESEL LTDA|1058|01892631000397||0627281070259|3118601||ROD BR-040|6615|LETRA A|CHACARAS BOA VISTA|
|0150|MG23360605000350|APAIL DIESEL AUTOPECAS LTDA - ANEL RODOVIARIO|1058|23360605000350||0625728650251|3106200||ANEL RODOVIARIO CELSO MELLO AZEVEDO|9889|GALPAO BR 040 3953|CALIFORNIA|
|0150|GO18233211001292|FL BRASIL HOLDING, LOGISTICA E TRANSPORTE LTDA|1058|18233211001292||107036690|5208707||BR 153|S/N|KM 5.5 GALPAO5 MOD 1 2 3 4 PARTE|FAZENDA RETIRO|
|0150|SP20147617002276|JAMEF TRANSPORTES LTDA - (SAO PAULO-SP)|1058|20147617002276||114387171114|3550308||MIGUEL MENTEM|500||VILA GUILHERME|
|0150|SP4935166000150|M.SAM DISTRIBUIDORA DE PECAS LTDA|1058|04935166000150||336685042118|3518800||SANTOS DUMONT|2137||CUMBICA|
|0150|SP68857085000162|TIETE VEICULOS LTDA|1058|68857085000162||113556643114|3550308||MARGINAL DIREITA DO TIETE|700||VILA JAGUARA|
|0150|MG4929906000499|ROCHA DISTRIBUIDORA E COMERCIAL LTDA|1058|04929906000499||1861673530322|3118601||MACAPA|75||AMAZONAS|
|0190|UN|Unidade|
|0200|1.JS61942|VALVULA SECADOR AR 6VIAS|||UN|00|84818099||||0|
|0200|1.TH7609801|REGULADOR AUTOMATICO FREIO DT|||UN|00|84148021||||0|
|0200|105.2S2145856C|MANGUEIRA AR|||UN|00|40093100||||0|
|0200|105.2T0505179|BUCHA TIRANTE SUSP TRAS 6X2 23310 02/|||UN|00|40169990||||0|
|0200|105.2T2121101AC|MANGUEIRA SUPERIOR RADIADOR|||UN|00|40093100||||0|
|0200|105.2T2121101G|MANGUEIRA AGUA RADIADOR|||UN|00|40093100||||0|
|0200|105.2VQ607359|VALVULA PROTECAO 04 VIAS CONSTELLATION|||UN|00|84818099||||0|
|0200|105.3464214206|SUPORTE PATIM DT FREIO A AR|||UN|00|87082991||||0|
|0200|105.5801220947|CONJ. MOLAS DIANTEIRA|||UN|00|73201000||||0|
|0200|20.2P0711118|MANOPLA|||UN|00|87082999||||0|
|0200|20.2P0953235D1NN|BOTAO|||UN|00|85365090||||0|
|0200|20.2R0100759B|COMPRESSOR AR CUMMINS ELETRONICO|||UN|00|84148019||||0|
|0200|20.2R0721503C|PEDAL ACELERADOR C/MODULO ELETRONICO|||UN|00|87089990||||0|
|0200|20.2S2121051K|MANGUEIRA INERIOR RADIADOR|||UN|00|40093100||||0|
|0200|20.2T0860114|VALVULA DRENO AUTOMATICO|||UN|00|84818099||||0|
|0200|20.JS01138|TAMPA ARLA|||UN|00|87089990||||0|
|0400|1403-3I|COMPRA COMERCIALIZAÃ‡AO SUBSTITUICAO TRIBUTARIA|
|0400|1411-3I|DEVOLUCAO VENDA MERCADORIA SUBSTITUICAO TRIBUTARIA|
|0400|2403-3I|COMPRA COMERCIALIZAÃ‡AO SUBSTITUICAO TRIBUTARIA|
|0450|32|Dev. Nf(s): 215786-1 07/11/2020 R$1.400,00.|
|0140|Empresa numero 782|JS JUIZ DE FORA|04185877002441|MG|0629955730160|3136702|||
|0150|MG4929906000499|ROCHA DISTRIBUIDORA E COMERCIAL LTDA|1058|04929906000499||1861673530322|3118601||MACAPA|75||AMAZONAS|
|0150|SP2162259000326|INTERNATIONAL IND AUT DA AMERICA DO SUL LTDA (MWM)|1058|02162259000326||407531352115|3525904||AV ODILA CHAVES RODRIGUES|1277|PARQUE INDUSTRIAL RM|PARQUE INDUSTRIAL RM|
|0150|MG21566120000120|EMPRESA UNIDA MANSUR E FILHOS LTDA|1058|21566120000120||3674701670058|3136702||AMERICO LOBO|437||MANOEL HONORIO|
|0150|GO18233211001292|FL BRASIL HOLDING, LOGISTICA E TRANSPORTE LTDA|1058|18233211001292||107036690|5208707||BR 153|S/N|KM 5.5 GALPAO5 MOD 1 2 3 4 PARTE|FAZENDA RETIRO|
|0150|SP4935166000150|M.SAM DISTRIBUIDORA DE PECAS LTDA|1058|04935166000150||336685042118|3518800||SANTOS DUMONT|2137||CUMBICA|
|0150|SP416170000151|KNORR BREMSE SISTEMAS P VEICULOS COMERCIAIS BRASIL LTDA|1058|00416170000151||388024701112|3524006||CYRINEU TONOLLI|1519|BLOCO A|NOVA ERA|
|0150|MG21570775000849|PICORELLI S/A TRANSPORTES|1058|21570775000849||3676228470095|3136702||GALILEU PICORELLI|60|BENFICA|DISTRITO INDUSTRIAL|
|0190|UN|Unidade|
|0200|105.2U0121051|MANGUEIRA|||UN|00|40093100||||0|
|0200|2.03873013|MANGUEIRA CAVALETE MOTOR MWM D/TD229|||UN|00|40091100||||0|
|0200|105.2S2253853A|FREIO MOTOR 13/15180E|||UN|00|87089990||||0|
|0200|105.2R2899397B|COXIM PLACA TRAVAMENTO CABINE|||UN|00|40169990||||0|
|0200|20.2R2721257|SERVO EMBREAGEM|||UN|00|87089300||||0|
|0200|105.JS13665|MANGUEIRA INTERCOOLER LE (MAIOR)|||UN|00|40093100||||0|
|0200|105.2UH117241|MANGUEIRA RESFRIADOR AR-COLETOR ADMISSAO CARGO|||UN|00|40093100||||0|
|0200|105.2R2899397C|AMORTECEDOR|||UN|00|40169990||||0|
|0200|20.TJG607337|VALVULA RETENCAO DUPLA KNORR|||UN|00|84818099||||0|
|0200|20.2S2721261|CILINDRO RECEPTADOR|||UN|00|87089300||||0|
|0200|105.2RD253143B|BRACADEIRA|||UN|00|87089200||||0|
|0200|105.JS16899|MANGUEIRA|||UN|00|40093100||||0|
|0200|20.2R0105431A|BUCHA BIELA ACTEON MOTOR MWM X10/X12|||UN|00|84833029||||0|
|0400|2403-3I|COMPRA COMERCIALIZAÃ‡AO SUBSTITUICAO TRIBUTARIA|
|0400|1403-3I|COMPRA COMERCIALIZAÃ‡AO SUBSTITUICAO TRIBUTARIA|
|0500|27102016|04|A|2|3.3.1.4.0004|TELEFONIA CELULAR|||
|0500|29112020|04|A|2|3.3.1.5.0002|SERVICOS TERCEIROS DE RH|||
|0500|13042020|04|A|2|3.3.1.4.0009|IMPRESSOS E MATERIAIS DE ESCRITORIO|||
|0500|16042020|04|A|2|3.3.1.4.0027|RECRUTAMENTO E SELECAO|||
|0500|09042020|04|A|2|3.3.1.8.0007|DESPESAS FUNCIONARIOS|||
|0500|23112016|04|A|2|3.3.1.5.0008|ASSESSORIA CONTABIL|||
|0500|23112015|01|A|2|1.2.2.1.0006|VEICULOS|||
|0500|23022017|04|A|2|3.3.1.3.0002|TREINAMENTO E CURSOS|||
|0500|06012020|04|A|2|3.3.1.6.0003|ALUGUEL DE MAQUINAS E EQUIPAMENTOS|||
|0500|04122019|04|A|2|3.3.1.6.0007|CONSERVACAO E MANUTENCAO|||
|0500|24012018|04|A|2|3.3.1.5.0011|SERVICO DE CONSULTA A CREDITO|||
|0500|29112019|04|A|2|3.3.1.4.0014|CUSTAS PROCESSUAIS|||
|0500|25112019|04|A|2|3.3.1.5.0004|SERVICOS TERCEIROS LIMPEZA|||
|0500|25012017|04|A|2|3.3.1.4.0026|VIAGENS E ESTADIAS|||
|0500|17012020|04|A|2|3.3.1.3.0004|ALIMENTACAO|||
|0500|26052020|04|A|2|3.3.1.4.0010|MATERIAL USO/CONSUMO E LIMPEZA|||
|0500|04012020|01|A|2|1.2.2.1.0005|COMPUTADORES E PERIFERICOS|||
|0500|15042020|04|A|2|3.3.1.1.0014|ESTAGIARIOS E APRENDIZES|||
|0500|13112020|04|A|2|3.3.1.6.0008|CONSERVACAO DE MAQUINAS/EQUIPAMENTOS|||
|0500|05032020|04|A|2|3.3.2.1.0008|MARKETING E PROMOCOES|||
|0500|27102016|04|A|2|3.3.1.4.0015|REUNIAO E CONVENCAO|||
|0500|23032016|04|A|2|3.3.1.5.0009|ASSESSORIA JURIDICA|||
|0500|23112020|04|A|2|3.3.1.8.0017|SERVICO TERCEIRIZADO DE COBRANCA VENCIDO|||
|0500|23112020|04|A|2|3.3.1.6.0004|ALUGUEL SOFTWARE|||
|0500|27012020|04|A|2|3.3.1.3.0008|FARMACIA|||
|0500|29112020|04|A|2|3.4.1.2.0001|TAXAS DIVERSAS E CERTIDOES|||
|0500|22062017|04|A|2|3.3.1.3.0020|MEDICINA E SEGURANÃ‡A DO TRABALHO|||
|0500|10112020|04|A|2|3.3.1.5.0007|ASSESSORIA E CONSULTORIA|||
|0500|04112019|04|A|2|3.3.1.4.0005|COMUNICACAO DADOS/INTERNET/LINK EMBRATEL|||
|0500|03122019|04|A|2|3.3.1.4.0003|TELEFONES|||
|0500|03112020|04|A|2|3.3.1.5.0005|SERVICOS TERCEIROS DE MOTOBOY|||
|0500|23012020|04|A|2|3.3.1.6.0001|BENS DE USO PERMANENTE|||
|0500|23112020|04|A|2|3.3.1.3.0010|UNIFORMES|||
|0500|28112016|04|A|2|3.3.1.8.0009|COMBUSTIVEIS|||
|0500|10112020|04|A|2|3.3.1.5.0001|SERVICOS TERCEIROS INFORMATICA|||
|0500|20052020|04|A|2|3.3.1.1.0023|DESPESA C/ PESSOAL - PJ|||
|0500|14012020|04|A|2|3.3.1.6.0010|SERVICOS C/ SEGURANCA|||
|0500|09042020|04|A|2|3.3.1.8.0010|BRINDES/PRESENTES E CORTESIAS|||
|0500|03012020|04|A|2|3.3.1.8.0003|FRETES E CARRETOS|||
|0500|24012020|04|A|2|3.3.1.8.0023|TRANSPORTE NAO AGREGADO AO CUSTO|||
|0500|13102015|01|A|2|1.1.2.1.0001|N-PECAS EM GERAL|||
|0500|02012020|04|A|2|3.3.1.3.0018|EQUIPAMENTOS DE SEGURANÃ‡A|||
|0500|10112020|04|A|2|3.3.1.6.0021|REFORMAS PREDIAIS|||
|0500|22082020|04|A|2|3.3.1.7.0002|CONSERV.E MANUT. VEICULOS|||
|0500|02122019|04|A|2|3.3.1.8.0021|FRETES S/ TRANSFERENCIA|||
|0500|20072020|04|A|2|3.3.1.8.0004|DESPESAS C/ VENDAS|||
|0500|09102020|04|A|2|3.3.1.4.0012|DESPESAS C/ GARANTIAS/DEVOLUCAO|||
|0500|23112020|04|A|2|3.5.1.1.0006|DESPESA C/ ADM CARTAO CREDITO|||
|0500|10112020|04|A|2|3.3.2.1.0007|MIDIAS COMERCIAIS|||
|0500|29112016|04|A|2|3.3.1.4.0006|CORREIOS E MALOTES|||
|0500|17012020|04|A|2|3.3.1.6.0006|CONSERVACAO DE MOVEIS/UTENSILIOS|||
|0500|12072018|04|A|2|3.6.1.1.0007|MERCADORIAS BONIFICADAS|||
|0500|17122019|04|A|2|3.3.1.6.0012|ORNAMENTOS E DECORACOES|||
|0500|29112020|04|A|2|3.3.1.8.0025|COMISSAO VENDA WEB|||
|0500|25112019|01|A|2|1.2.2.1.0003|MOVEIS/UTENSILIOS/INSTALACOES|||
|0500|11082020|04|A|2|3.4.1.1.0012|ICMS|||
|0500|28082018|04|A|2|3.3.1.8.0013|MATERIAL DE EMBALAGEM|||
|0500|04012020|01|A|2|1.2.2.1.0004|MAQUINAS/ FERRAMENTAS/ EQUIPAMENTOS|||
|0500|13102015|04|A|2|5.3.1.1.0019|ENTRADAS DIVERSAS SEM FINANCEIRO|||
|0500|10092018|04|A|2|3.2.1.1.0002|OUTROS CUSTOS NÃƒO AGREGADOS ESTOQUE|||
|0990|887|
|A001|0|
|A010|04185877000589|
|A100|0|1|MA60860087017921|00|U||2408||04112020|19112020|1968,51|1|0|1968,51|32,48|1968,51|149,61|0|0|0|
|A170|1|compraD26||1968,51|0|03|0|50|1968,51|1,65|32,48|50|1968,51|7,6|149,61|3.3.1.8.0003||
|A010|04185877000821|
|A100|0|1|CE24629204000154|00|U||1136||24112020|26112020|22876,91|1|0|22876,91|377,47|22876,91|1738,65|0|0|0|
|A170|1|compraD8||22876,91|0|03|0|50|22876,91|1,65|377,47|50|22876,91|7,6|1738,65|3.3.1.8.0003||
|A010|04185877001127|
|A100|0|1|PB4393371000212|00|U||1000903||24112020|24112020|5072|1|0|5072|83,69|5072|385,47|0|0|0|
|A170|1|compraD13||5072|0|03|0|50|5072|1,65|83,69|50|5072|7,6|385,47|3.3.1.8.0003||
|A010|04185877002018|
|A100|0|1|AL3202226000163|00|U||16219||13102020|09112020|10,52|0|0|10,52|0,17|10,52|0,8|0|0|0|
|A170|1|compraD27||10,52|0|03|0|50|10,52|1,65|0,17|50|10,52|7,6|0,8|3.3.1.8.0003||
|A990|14|
|C001|0|
|C010|04185877000155|2|
|C100|0|1|AL1242690000158|55|00|1|32339|27201101242690000158550010000323391001752281|05112020|30112020|516,79|2|0|0|516,79|0|0|0|0|0|0|0|0|0|8,53|39,28|0|0|
|C170|1|compraD4||1|UN|516,79|0|0|060|2653|2653-2L|0|0|0|0|0|0|0|||0|0|0|50|516,79|1,65|||8,53|50|516,79|7,6|||39,28|1.1.2.1.0001|
|C100|0|1|AL1242690000239|55|00|1|92298|27201101242690000239550010000922981001733570|09112020|30112020|235|2|0|0|235|0|0|0|0|0|0|0|0|0|3,88|17,86|0|0|
|C170|1|compraD59||1|UN|235|0|0|060|2653|2653-2L|0|0|0|0|0|0|0|||0|0|0|50|235|1,65|||3,88|50|235|7,6|||17,86|1.1.2.1.0001|
|C100|0|1|AL17336019000106|55|00|1|2060|27201117336019000106550010000020601012487291|04112020|30112020|395,39|2|0|0|395,39|0|0|0|0|0|0|0|0|0|6,52|30,05|0|0|
|C170|1|compraD6||1|UN|395,39|0|0|060|2653|2653-2L|0|0|0|0|0|0|0|||0|0|0|50|395,39|1,65|||6,52|50|395,39|7,6|||30,05|1.1.2.1.0001|
|C100|0|1|AL21909741000160|55|00|3|326|27201121909741000160550030000003261062157288|06112020|30112020|549,19|2|0|0|549,19|0|0|0|0|0|0|0|0|0|9,06|41,74|0|0|
|C170|1|compraD25||1|UN|549,19|0|0|060|2653|2653-2L|0|0|0|0|0|0|0|||0|0|0|50|549,19|1,65|||9,06|50|549,19|7,6|||41,74|1.1.2.1.0001|
|C100|0|1|AL4077577000314|55|00|6|16699|27201104077577000314550060000166991001568924|04112020|30112020|1471,48|2|0|0|1471,48|0|0|0|0|0|0|0|0|0|24,28|111,83|0|0|
|C170|1|compraD43||1|UN|1471,48|0|0|060|2653|2653-2L|0|0|0|0|0|0|0|||0|0|0|50|1471,48|1,65|||24,28|50|1471,48|7,6|||111,83|1.1.2.1.0001|
|C100|0|1|AL740510000103|55|00|2|319|27201100740510000103550020000003191000006209|04112020|30112020|150|2|0|0|150|0|0|0|0|0|0|0|0|0|2,48|11,4|0|0|
|C170|1|compraD38||1|UN|150|0|0|060|2653|2653-2L|0|0|0|0|0|0|0|||0|0|0|50|150|1,65|||2,48|50|150|7,6|||11,4|1.1.2.1.0001|
|C100|0|1|AP10522077000185|55|00|1|17934|16201110522077000185550010000179341510242079|12112020|30112020|423|2|0|0|423|0|0|0|0|0|0|0|0|0|6,98|32,15|0|0|
|C170|1|compraD69||1|UN|423|0|0|060|2653|2653-2L|0|0|0|0|0|0|0|||0|0|0|50|423|1,65|||6,98|50|423|7,6|||32,15|1.1.2.1.0001|
|C100|0|1|AP10522077000347|55|00|1|2843|16201110522077000347550010000028431181607318|10112020|30112020|255|2|0|0|255|0|0|0|0|0|0|0|0|0|4,21|19,38|0|0|
|C170|1|compraD9||1|UN|255|0|0|060|2653|2653-2L|0|0|0|0|0|0|0|||0|0|0|50|255|1,65|||4,21|50|255|7,6|||19,38|1.1.2.1.0001|
|C100|0|1|AP10522077000347|55|00|1|2894|16201110522077000347550010000028941575820907|14112020|30112020|160|2|0|0|160|0|0|0|0|0|0|0|0|0|2,64|12,16|0|0|
|C170|1|compraD27||1|UN|160|0|0|060|2653|2653-2L|0|0|0|0|0|0|0|||0|0|0|50|160|1,65|||2,64|50|160|7,6|||12,16|1.1.2.1.0001|
|C100|0|1|AP9405430000400|55|00|5|3021|16201109405430000400550050000030211000302153|03112020|30112020|40|2|0|0|40|0|0|0|0|0|0|0|0|0|0,66|3,04|0|0|
|C170|1|compraD13||1|UN|40|0|0|060|2653|2653-2L|0|0|0|0|0|0|0|||0|0|0|50|40|1,65|||0,66|50|40|7,6|||3,04|1.1.2.1.0001|
|C100|0|1|BA15151046002203|55|00|1|1374|29201115151046002203550010000013741000404160|09112020|30112020|405,44|2|0|0|405,44|0|0|0|0|0|0|0|0|0|6,69|30,81|0|0|
|C170|1|compraD22||1|UN|405,44|0|0|060|2653|2653-2L|0|0|0|0|0|0|0|||0|0|0|50|405,44|1,65|||6,69|50|405,44|7,6|||30,81|1.1.2.1.0001|
|C100|0|1|BA22664051000150|55|00|2|1767|29201122664051000150550020000017671000209967|12112020|30112020|923,41|2|0|0|923,41|0|0|0|0|0|0|0|0|0|15,24|70,18|0|0|
|C170|1|compraD51||1|UN|923,41|0|0|060|2653|2653-2L|0|0|0|0|0|0|0|||0|0|0|50|923,41|1,65|||15,24|50|923,41|7,6|||70,18|1.1.2.1.0001|
|C100|0|1|BA6186816000219|55|00|1|12760|29201106186816000219550010000127601000209377|10112020|30112020|50|2|0|0|50|0|0|0|0|0|0|0|0|0|0,83|3,8|0|0|
|C170|1|compraD28||1|UN|50|0|0|060|2653|2653-2L|0|0|0|0|0|0|0|||0|0|0|50|50|1,65|||0,83|50|50|7,6|||3,8|1.1.2.1.0001|
|C100|0|1|CE17599872000110|55|00|1|4089|23201117599872000110550010000040891407611604|11112020|30112020|465|2|0|0|465|0|0|0|0|0|0|0|0|0|7,67|35,34|0|0|
|C170|1|compraD73||1|UN|465|0|0|060|2653|2653-2L|0|0|0|0|0|0|0|||0|0|0|50|465|1,65|||7,67|50|465|7,6|||35,34|1.1.2.1.0001|
|C100|0|1|CE2707042000192|55|00|1|4504|23201102707042000192550010000045041448980847|06112020|30112020|1200|2|0|0|1200|0|0|0|0|0|0|0|0|0|19,8|91,2|0|0|
|C170|1|compraD61||1|UN|1200|0|0|060|2653|2653-2L|0|0|0|0|0|0|0|||0|0|0|50|1200|1,65|||19,8|50|1200|7,6|||91,2|1.1.2.1.0001|
|C100|0|1|CE333717000155|55|00|1|1519|23201100333717000155550010000015191151421383|05112020|30112020|475,92|2|0|0|475,92|0|0|0|0|0|0|0|0|0|7,85|36,17|0|0|
|C170|1|compraD57||1|UN|475,92|0|0|060|2653|2653-2L|0|0|0|0|0|0|0|||0|0|0|50|475,92|1,65|||7,85|50|475,92|7,6|||36,17|1.1.2.1.0001|
|C100|0|1|CE4314770000160|55|00|2|3139|23201104314770000160550020000031391000011447|06112020|30112020|374,13|2|0|0|374,13|0|0|0|0|0|0|0|0|0|6,17|28,43|0|0|
|C170|1|compraD42||1|UN|374,13|0|0|060|2653|2653-2L|0|0|0|0|0|0|0|||0|0|0|50|374,13|1,65|||6,17|50|374,13|7,6|||28,43|1.1.2.1.0001|
|C100|0|1|CE4327828000100|55|00|1|6676|23201104327828000100550010000066761665496479|04112020|30112020|234,5|2|0|0|234,5|0|0|0|0|0|0|0|0|0|3,87|17,82|0|0|
|C170|1|compraD45||1|UN|234,5|0|0|060|2653|2653-2L|0|0|0|0|0|0|0|||0|0|0|50|234,5|1,65|||3,87|50|234,5|7,6|||17,82|1.1.2.1.0001|
|C100|0|1|CE6816300000120|55|00|1|15207|23201106816300000120550010000152071151590843|05112020|30112020|231,06|2|0|0|231,06|0|0|0|0|0|0|0|0|0|3,81|17,56|0|0|
|C170|1|compraD47||1|UN|231,06|0|0|060|2653|2653-2L|0|0|0|0|0|0|0|||0|0|0|50|231,06|1,65|||3,81|50|231,06|7,6|||17,56|1.1.2.1.0001|
|C100|0|1|CE7240450000877|55|00|1|4808|23201107240450000877550010000048081479285058|09112020|30112020|150,73|2|0|0|150,73|0|0|0|0|0|0|0|0|0|2,49|11,46|0|0|
|C170|1|compraD8||1|UN|150,73|0|0|060|2653|2653-2L|0|0|0|0|0|0|0|||0|0|0|50|150,73|1,65|||2,49|50|150,73|7,6|||11,46|1.1.2.1.0001|
|C100|0|1|GO2773620000199|55|00|1|777932|52201102773620000199550010007779321123665883|03112020|30112020|164|2|0|0|164|0|0|0|0|0|0|0|0|0|2,71|12,46|0|0|
|C170|1|compraD48||1|UN|164|0|0|060|1653|1653-2L|0|0|0|0|0|0|0|||0|0|0|50|164|1,65|||2,71|50|164|7,6|||12,46|1.1.2.1.0001|
|C100|0|1|GO31139203000197|55|00|1|1786|52201131139203000197550010000017861220295168|11112020|30112020|506,62|2|0|0|506,62|0|0|0|0|0|0|0|0|0|8,36|38,5|0|0|
|C170|1|compraD34||1|UN|506,62|0|0|060|1653|1653-2L|0|0|0|0|0|0|0|||0|0|0|50|506,62|1,65|||8,36|50|506,62|7,6|||38,5|1.1.2.1.0001|
|C100|0|1|GO6051997000195|55|00|1|18000|52201106051997000195550010000180001023858272|04112020|30112020|240,54|2|0|0|240,54|0|0|0|0|0|0|0|0|0|3,97|18,28|0|0|
|C170|1|compraD1||1|UN|240,54|0|0|060|1653|1653-2L|0|0|0|0|0|0|0|||0|0|0|50|240,54|1,65|||3,97|50|240,54|7,6|||18,28|1.1.2.1.0001|
|C100|0|1|MA10298651000244|55|00|2|2466|21201110298651000244550020000024661819336865|16112020|30112020|314,25|2|0|0|314,25|0|0|0|0|0|0|0|0|0|5,19|23,88|0|0|
|C170|1|compraD16||1|UN|314,25|0|0|060|2653|2653-2L|0|0|0|0|0|0|0|||0|0|0|50|314,25|1,65|||5,19|50|314,25|7,6|||23,88|1.1.2.1.0001|
|C100|0|1|MA35196823000119|55|00|1|6003|21201135196823000119550010000060031125253403|25112020|30112020|500|2|0|0|500|0|0|0|0|0|0|0|0|0|8,25|38|0|0|
|C170|1|compraD67||1|UN|500|0|0|060|2653|2653-2L|0|0|0|0|0|0|0|||0|0|0|50|500|1,65|||8,25|50|500|7,6|||38|1.1.2.1.0001|
|C100|0|1|MA6907158000126|55|00|2|1173|21201106907158000126550020000011731546282960|10112020|30112020|1050,37|2|0|0|1050,37|0|0|0|0|0|0|0|0|0|17,33|79,83|0|0|
|C170|1|compraD49||1|UN|1050,37|0|0|060|2653|2653-2L|0|0|0|0|0|0|0|||0|0|0|50|1050,37|1,65|||17,33|50|1050,37|7,6|||79,83|1.1.2.1.0001|
|C100|0|1|MA69418101000183|55|00|4|3378|21201169418101000183550040000033781100101207|09112020|30112020|200|2|0|0|200|0|0|0|0|0|0|0|0|0|3,3|15,2|0|0|
|C170|1|compraD17||1|UN|200|0|0|060|2653|2653-2L|0|0|0|0|0|0|0|||0|0|0|50|200|1,65|||3,3|50|200|7,6|||15,2|1.1.2.1.0001|
|C100|0|1|MG20449997000179|55|00|3|3273|31201120449997000179550030000032731011486272|05112020|30112020|152,03|2|0|0|152,03|0|0|0|0|0|0|0|0|0|2,51|11,55|0|0|
|C170|1|compraD2||1|UN|152,03|0|0|060|2653|2653-2L|0|0|0|0|0|0|0|||0|0|0|50|152,03|1,65|||2,51|50|152,03|7,6|||11,55|1.1.2.1.0001|
|C100|0|1|MG20449997000179|55|00|3|3274|31201120449997000179550030000032741011486296|05112020|30112020|70|2|0|0|70|0|0|0|0|0|0|0|0|0|1,16|5,32|0|0|
|C170|1|compraD72||1|UN|70|0|0|060|2653|2653-2L|0|0|0|0|0|0|0|||0|0|0|50|70|1,65|||1,16|50|70|7,6|||5,32|1.1.2.1.0001|
|C100|0|1|MG21725460000157|55|00|1|14055|31201121725460000157550010000140551000000404|06112020|30112020|152,15|2|0|0|152,15|0|0|0|0|0|0|0|0|0|2,51|11,56|0|0|
|C170|1|compraD44||1|UN|152,15|0|0|060|2653|2653-2L|0|0|0|0|0|0|0|||0|0|0|50|152,15|1,65|||2,51|50|152,15|7,6|||11,56|1.1.2.1.0001|
|C100|0|1|MG2738100000145|55|00|1|16279|31201102738100000145550010000162791000000400|13112020|30112020|152,45|2|0|0|152,45|0|0|0|0|0|0|0|0|0|2,52|11,59|0|0|
|C170|1|compraD10||1|UN|152,45|0|0|060|2653|2653-2L|0|0|0|0|0|0|0|||0|0|0|50|152,45|1,65|||2,52|50|152,45|7,6|||11,59|1.1.2.1.0001|
|C100|0|1|MG3845434000180|55|00|1|15973|31201103845434000180550010000159731000159180|03112020|30112020|165,67|2|0|0|165,67|0|0|0|0|0|0|0|0|0|2,73|12,59|0|0|
|C170|1|compraD32||1|UN|165,67|0|0|060|2653|2653-2L|0|0|0|0|0|0|0|||0|0|0|50|165,67|1,65|||2,73|50|165,67|7,6|||12,59|1.1.2.1.0001|
|C100|0|1|MG41705211000298|55|00|1|11581|31201141705211000298550010000115811000171523|12112020|30112020|162,45|2|0|0|162,45|0|0|0|0|0|0|0|0|0|2,68|12,35|0|0|
|C170|1|compraD33||1|UN|162,45|0|0|060|2653|2653-2L|0|0|0|0|0|0|0|||0|0|0|50|162,45|1,65|||2,68|50|162,45|7,6|||12,35|1.1.2.1.0001|
|C100|0|1|MG4919589000187|55|00|1|6342|31201104919589000187550010000063421031415014|13112020|30112020|79|2|0|0|79|0|0|0|0|0|0|0|0|0|1,3|6|0|0|
|C170|1|compraD19||1|UN|79|0|0|060|2653|2653-2L|0|0|0|0|0|0|0|||0|0|0|50|79|1,65|||1,3|50|79|7,6|||6|1.1.2.1.0001|
|C100|0|1|MG7642627000195|55|00|1|3565|31201107642627000195550010000035651000033299|13112020|30112020|717,11|2|0|0|717,11|0|0|0|0|0|0|0|0|0|11,83|54,5|0|0|
|C170|1|compraD21||1|UN|717,11|0|0|060|2653|2653-2L|0|0|0|0|0|0|0|||0|0|0|50|717,11|1,65|||11,83|50|717,11|7,6|||54,5|1.1.2.1.0001|
|C100|0|1|MG9719902000157|55|00|1|9157|31201109719902000157550010000091571000094351|13112020|30112020|338,29|2|0|0|338,29|0|0|0|0|0|0|0|0|0|5,58|25,71|0|0|
|C170|1|compraD36||1|UN|338,29|0|0|060|2653|2653-2L|0|0|0|0|0|0|0|||0|0|0|50|338,29|1,65|||5,58|50|338,29|7,6|||25,71|1.1.2.1.0001|
|C100|0|1|MT11085342000178|55|00|0|92662|51201111085342000178550000000926621005648557|09112020|30112020|131,04|2|0|0|131,04|0|0|0|0|0|0|0|0|0|2,16|9,96|0|0|
|C170|1|compraD15||1|UN|131,04|0|0|060|2653|2653-2L|0|0|0|0|0|0|0|||0|0|0|50|131,04|1,65|||2,16|50|131,04|7,6|||9,96|1.1.2.1.0001|
|C100|0|1|MT3318703000150|55|00|2|93062|51201103318703000150550020000930621758007578|09112020|30112020|164,99|2|0|0|164,99|0|0|0|0|0|0|0|0|0|2,72|12,54|0|0|
|C170|1|compraD68||1|UN|164,99|0|0|060|2653|2653-2L|0|0|0|0|0|0|0|||0|0|0|50|164,99|1,65|||2,72|50|164,99|7,6|||12,54|1.1.2.1.0001|
|C100|0|1|MT3318703000150|55|00|2|93238|51201103318703000150550020000932381183518615|12112020|30112020|167,16|2|0|0|167,16|0|0|0|0|0|0|0|0|0|2,76|12,7|0|0|
|C170|1|compraD55||1|UN|167,16|0|0|060|2653|2653-2L|0|0|0|0|0|0|0|||0|0|0|50|167,16|1,65|||2,76|50|167,16|7,6|||12,7|1.1.2.1.0001|
|C100|0|1|MT3318703000150|55|00|2|93244|51201103318703000150550020000932441710983030|12112020|30112020|0,58|2|0|0|0,58|0|0|0|0|0|0|0|0|0|0,01|0,04|0|0|
|C170|1|compraD24||1|UN|0,58|0|0|060|2653|2653-2L|0|0|0|0|0|0|0|||0|0|0|50|0,58|1,65|||0,01|50|0,58|7,6|||0,04|1.1.2.1.0001|
|C100|0|1|MT3318703000150|55|00|2|93420|51201103318703000150550020000934201007472167|16112020|30112020|167,58|2|0|0|167,58|0|0|0|0|0|0|0|0|0|2,77|12,74|0|0|
|C170|1|compraD23||1|UN|167,58|0|0|060|2653|2653-2L|0|0|0|0|0|0|0|||0|0|0|50|167,58|1,65|||2,77|50|167,58|7,6|||12,74|1.1.2.1.0001|
|C100|0|1|MT3318703000150|55|00|2|93469|51201103318703000150550020000934691841230745|18112020|30112020|251,23|2|0|0|251,23|0|0|0|0|0|0|0|0|0|4,15|19,09|0|0|
|C170|1|compraD60||1|UN|251,23|0|0|060|2653|2653-2L|0|0|0|0|0|0|0|||0|0|0|50|251,23|1,65|||4,15|50|251,23|7,6|||19,09|1.1.2.1.0001|
|C100|0|1|MT37433372000111|55|00|4|171643|51201137433372000111550040001716431139464169|06112020|30112020|135,01|2|0|0|135,01|0|0|0|0|0|0|0|0|0|2,23|10,26|0|0|
|C170|1|compraD29||1|UN|135,01|0|0|060|2653|2653-2L|0|0|0|0|0|0|0|||0|0|0|50|135,01|1,65|||2,23|50|135,01|7,6|||10,26|1.1.2.1.0001|
|C100|0|1|MT5580463000193|55|00|5|15612|51201105580463000193550050000156121640043480|11112020|30112020|852,41|2|0|0|852,41|0|0|0|0|0|0|0|0|0|14,06|64,78|0|0|
|C170|1|compraD26||1|UN|852,41|0|0|060|2653|2653-2L|0|0|0|0|0|0|0|||0|0|0|50|852,41|1,65|||14,06|50|852,41|7,6|||64,78|1.1.2.1.0001|
|C100|0|1|PA3160149000126|55|00|1|2800|15201103160149000126550010000028001279117753|09112020|30112020|218,04|2|0|0|218,04|0|0|0|0|0|0|0|0|0|3,6|16,57|0|0|
|C170|1|compraD62||1|UN|218,04|0|0|060|2653|2653-2L|0|0|0|0|0|0|0|||0|0|0|50|218,04|1,65|||3,6|50|218,04|7,6|||16,57|1.1.2.1.0001|
|C100|0|1|PA33466473000138|55|00|7|549|15201133466473000138550070000005491000012920|13112020|30112020|1484,35|2|0|0|1484,35|0|0|0|0|0|0|0|0|0|24,49|112,81|0|0|
|C170|1|compraD75||1|UN|1484,35|0|0|060|2653|2653-2L|0|0|0|0|0|0|0|||0|0|0|50|1484,35|1,65|||24,49|50|1484,35|7,6|||112,81|1.1.2.1.0001|
|C100|0|1|PA4111209000183|55|00|1|29022|15201104111209000183550010000290221459189684|16112020|30112020|410,08|2|0|0|410,08|0|0|0|0|0|0|0|0|0|6,77|31,17|0|0|
|C170|1|compraD20||1|UN|410,08|0|0|060|2653|2653-2L|0|0|0|0|0|0|0|||0|0|0|50|410,08|1,65|||6,77|50|410,08|7,6|||31,17|1.1.2.1.0001|
|C100|0|1|PA5090360000145|55|00|1|4464|15201105090360000145550010000044641271632260|07112020|30112020|229,59|2|0|0|229,59|0|0|0|0|0|0|0|0|0|3,79|17,45|0|0|
|C170|1|compraD74||1|UN|229,59|0|0|060|2653|2653-2L|0|0|0|0|0|0|0|||0|0|0|50|229,59|1,65|||3,79|50|229,59|7,6|||17,45|1.1.2.1.0001|
|C100|0|1|PA6945995000140|55|00|2|353330|15201106945995000140550020003533301000646841|09112020|30112020|370,03|2|0|0|370,03|0|0|0|0|0|0|0|0|0|6,11|28,12|0|0|
|C170|1|compraD66||1|UN|370,03|0|0|060|2653|2653-2L|0|0|0|0|0|0|0|||0|0|0|50|370,03|1,65|||6,11|50|370,03|7,6|||28,12|1.1.2.1.0001|
|C100|0|1|PA6945995000140|55|00|2|353481|15201106945995000140550020003534811000649004|20112020|30112020|408,18|2|0|0|408,18|0|0|0|0|0|0|0|0|0|6,73|31,02|0|0|
|C170|1|compraD12||1|UN|408,18|0|0|060|2653|2653-2L|0|0|0|0|0|0|0|||0|0|0|50|408,18|1,65|||6,73|50|408,18|7,6|||31,02|1.1.2.1.0001|
|C100|0|1|PB4696443000110|55|00|2|810|25201104696443000110550020000008101000827324|11112020|30112020|582,38|2|0|0|582,38|0|0|0|0|0|0|0|0|0|9,61|44,26|0|0|
|C170|1|compraD14||1|UN|582,38|0|0|060|2653|2653-2L|0|0|0|0|0|0|0|||0|0|0|50|582,38|1,65|||9,61|50|582,38|7,6|||44,26|1.1.2.1.0001|
|C100|0|1|PB5747008000130|55|00|6|3458|25201105747008000130550060000034581001579678|09112020|30112020|212,91|2|0|0|212,91|0|0|0|0|0|0|0|0|0|3,51|16,18|0|0|
|C170|1|compraD58||1|UN|212,91|0|0|060|2653|2653-2L|0|0|0|0|0|0|0|||0|0|0|50|212,91|1,65|||3,51|50|212,91|7,6|||16,18|1.1.2.1.0001|
|C100|0|1|PE10725669000102|55|00|1|4476|26201110725669000102550010000044761002619422|09112020|30112020|866,44|2|0|0|866,44|0|0|0|0|0|0|0|0|0|14,3|65,85|0|0|
|C170|1|compraD7||1|UN|866,44|0|0|060|2653|2653-2L|0|0|0|0|0|0|0|||0|0|0|50|866,44|1,65|||14,3|50|866,44|7,6|||65,85|1.1.2.1.0001|
|C100|0|1|PE11601184002105|55|00|6|5088|26201111601184002105550060000050881001589469|12112020|30112020|155,16|2|0|0|155,16|0|0|0|0|0|0|0|0|0|2,56|11,79|0|0|
|C170|1|compraD5||1|UN|155,16|0|0|060|2653|2653-2L|0|0|0|0|0|0|0|||0|0|0|50|155,16|1,65|||2,56|50|155,16|7,6|||11,79|1.1.2.1.0001|
|C100|0|1|PE7617461000157|55|00|1|216649|26201107617461000157550010002166491002615309|05112020|30112020|222,11|2|0|0|222,11|0|0|0|0|0|0|0|0|0|3,66|16,88|0|0|
|C170|1|compraD64||1|UN|222,11|0|0|060|2653|2653-2L|0|0|0|0|0|0|0|||0|0|0|50|222,11|1,65|||3,66|50|222,11|7,6|||16,88|1.1.2.1.0001|
|C100|0|1|PE9798307000588|55|00|1|2453|26201109798307000588550010000024531040024530|09112020|30112020|1286,71|2|0|0|1286,71|0|0|0|0|0|0|0|0|0|21,23|97,79|0|0|
|C170|1|compraD40||1|UN|1286,71|0|0|060|2653|2653-2L|0|0|0|0|0|0|0|||0|0|0|50|1286,71|1,65|||21,23|50|1286,71|7,6|||97,79|1.1.2.1.0001|
|C100|0|1|PI8097382000125|55|00|1|5323|22201108097382000125550010000053231041858771|07112020|30112020|918,46|2|0|0|918,46|0|0|0|0|0|0|0|0|0|15,15|69,8|0|0|
|C170|1|compraD41||1|UN|918,46|0|0|060|2653|2653-2L|0|0|0|0|0|0|0|||0|0|0|50|918,46|1,65|||15,15|50|918,46|7,6|||69,8|1.1.2.1.0001|
|C100|0|1|RJ33133414000148|55|00|1|2415|33201133133414000148550010000024151001552410|16112020|30112020|629,23|2|0|0|629,23|0|0|0|0|0|0|0|0|0|10,38|47,82|0|0|
|C170|1|compraD3||1|UN|629,23|0|0|060|2653|2653-2L|0|0|0|0|0|0|0|||0|0|0|50|629,23|1,65|||10,38|50|629,23|7,6|||47,82|1.1.2.1.0001|
|C100|0|1|RJ33643875000160|55|00|5|12182|33201133643875000160550050000121821734712137|05112020|30112020|1234,55|2|0|0|1234,55|0|0|0|0|0|0|0|0|0|20,37|93,83|0|0|
|C170|1|compraD52||1|UN|1234,55|0|0|060|2653|2653-2L|0|0|0|0|0|0|0|||0|0|0|50|1234,55|1,65|||20,37|50|1234,55|7,6|||93,83|1.1.2.1.0001|
|C100|0|1|RJ3971151000185|55|00|10|205|33201103971151000185550100000002051379215489|04112020|30112020|193,03|2|0|0|193,03|0|0|0|0|0|0|0|0|0|3,18|14,67|0|0|
|C170|1|compraD53||1|UN|193,03|0|0|060|2653|2653-2L|0|0|0|0|0|0|0|||0|0|0|50|193,03|1,65|||3,18|50|193,03|7,6|||14,67|1.1.2.1.0001|
|C100|0|1|RJ42199000000102|55|00|1|637|33201142199000000102550010000006371001556370|24112020|30112020|216,72|2|0|0|216,72|0|0|0|0|0|0|0|0|0|3,58|16,47|0|0|
|C170|1|compraD54||1|UN|216,72|0|0|060|2653|2653-2L|0|0|0|0|0|0|0|||0|0|0|50|216,72|1,65|||3,58|50|216,72|7,6|||16,47|1.1.2.1.0001|
|C100|0|1|RJ42291799000162|55|00|2|3346|33201142291799000162550020000033461242178503|06112020|30112020|341,42|2|0|0|341,42|0|0|0|0|0|0|0|0|0|5,63|25,95|0|0|
|C170|1|compraD71||1|UN|341,42|0|0|060|2653|2653-2L|0|0|0|0|0|0|0|||0|0|0|50|341,42|1,65|||5,63|50|341,42|7,6|||25,95|1.1.2.1.0001|
|C100|0|1|RN17322062000112|55|00|1|4179|24201117322062000112550010000041791000017558|04112020|30112020|238,14|2|0|0|238,14|0|0|0|0|0|0|0|0|0|3,93|18,1|0|0|
|C170|1|compraD70||1|UN|238,14|0|0|060|2653|2653-2L|0|0|0|0|0|0|0|||0|0|0|50|238,14|1,65|||3,93|50|238,14|7,6|||18,1|1.1.2.1.0001|
|C100|0|1|RN24206617000800|55|00|1|9493|24201124206617000800550010000094931088316591|06112020|30112020|232,12|2|0|0|232,12|0|0|0|0|0|0|0|0|0|3,83|17,64|0|0|
|C170|1|compraD30||1|UN|232,12|0|0|060|2653|2653-2L|0|0|0|0|0|0|0|||0|0|0|50|232,12|1,65|||3,83|50|232,12|7,6|||17,64|1.1.2.1.0001|
|C100|0|1|RN35298330000785|55|00|1|994459|24201135298330000785550010009944591049533940|05112020|30112020|219,41|2|0|0|219,41|0|0|0|0|0|0|0|0|0|3,62|16,68|0|0|
|C170|1|compraD18||1|UN|219,41|0|0|060|2653|2653-2L|0|0|0|0|0|0|0|||0|0|0|50|219,41|1,65|||3,62|50|219,41|7,6|||16,68|1.1.2.1.0001|
|C100|0|1|SE23166467000101|55|00|1|2709|28201123166467000101550010000027091306364587|04112020|30112020|1416,73|2|0|0|1416,73|0|0|0|0|0|0|0|0|0|23,38|107,67|0|0|
|C170|1|compraD63||1|UN|1416,73|0|0|060|2653|2653-2L|0|0|0|0|0|0|0|||0|0|0|50|1416,73|1,65|||23,38|50|1416,73|7,6|||107,67|1.1.2.1.0001|
|C100|0|1|SE5297480000460|55|00|1|19714|28201105297480000460550010000197141192531954|03112020|30112020|190,21|2|0|0|190,21|0|0|0|0|0|0|0|0|0|3,14|14,46|0|0|
|C170|1|compraD65||1|UN|190,21|0|0|060|2653|2653-2L|0|0|0|0|0|0|0|||0|0|0|50|190,21|1,65|||3,14|50|190,21|7,6|||14,46|1.1.2.1.0001|
|C010|04185877000236|2|
|C100|0|1|PA21458085000126|55|00|1|15734|15201121458085000126550010000157341851390332|05112020|05112020|323,24|1|0|0|323,24|0|0|0|0|0|0|0|0|0|5,33|24,57|0|0|
|C170|1|105.9793200393||1|UN|323,24|0|0|060|1403|1403-3G|0|0|0|0|0|0|0|||0|0|0|50|323,24|1,65|||5,33|50|323,24|7,6|||24,57|1.1.2.1.0001|
|C100|0|1|PA21458085000126|55|00|1|15752|15201121458085000126550010000157521833194339|09112020|09112020|896|1|0|0|896|0|0|0|0|0|0|0|0|0|14,78|68,1|0|0|
|C170|1|105.000214729||1|UN|896|0|0|060|1403|1403-3G|0|0|0|0|0|0|0|||0|0|0|50|896|1,65|||14,78|50|896|7,6|||68,1|1.1.2.1.0001|
|C100|0|1|PA21458085000126|55|00|1|15783|15201121458085000126550010000157831135317580|11112020|11112020|200|1|0|0|200|0|0|0|0|0|0|0|0|0|3,3|15,2|0|0|
|C170|1|105.JS40303||2|UN|200|0|0|060|1403|1403-3G|0|0|0|0|0|0|0|||0|0|0|50|200|1,65|||3,3|50|200|7,6|||15,2|1.1.2.1.0001|
|C100|0|1|PA21458085000126|55|00|1|15818|15201121458085000126550010000158181557765571|17112020|17112020|450|1|0|0|450|0|0|0|0|0|0|0|0|0|7,43|34,2|0|0|
|C170|1|105.2RD411213||1|UN|450|0|0|060|1403|1403-3G|0|0|0|0|0|0|0|||0|0|0|50|450|1,65|||7,43|50|450|7,6|||34,2|1.1.2.1.0001|
|C100|0|1|PA21458085000126|55|00|1|15837|15201121458085000126550010000158371768612975|19112020|20112020|700|1|0|0|700|0|0|0|0|0|0|0|0|0|11,55|53,2|0|0|
|C170|1|105.2R0411141C||1|UN|700|0|0|060|1403|1403-3G|0|0|0|0|0|0|0|||0|0|0|50|700|1,65|||11,55|50|700|7,6|||53,2|1.1.2.1.0001|
|C100|0|1|PA21458085000126|55|00|1|15859|15201121458085000126550010000158591833194335|24112020|24112020|550|1|0|0|550|0|0|0|0|0|0|0|0|0|9,08|41,8|0|0|
|C170|1|105.JS40658||1|UN|550|0|0|060|1403|1403-3G|0|0|0|0|0|0|0|||0|0|0|50|550|1,65|||9,08|50|550|7,6|||41,8|1.1.2.1.0001|
|C100|0|1|PA21458085000126|55|00|1|15886|15201121458085000126550010000158861833194332|27112020|30112020|800|1|0|0|800|0|0|0|0|0|0|0|0|0|13,2|60,8|0|0|
|C170|1|105.2RR511169A||2|UN|800|0|0|060|1403|1403-3G|0|0|0|0|0|0|0|||0|0|0|50|800|1,65|||13,2|50|800|7,6|||60,8|1.1.2.1.0001|
|C100|0|1|PA21458085000126|55|00|1|15893|15201121458085000126550010000158931554842936|30112020|30112020|2400|1|0|0|2400|0|0|0|0|0|0|0|0|0|39,6|182,4|0|0|
|C170|2|105.2RL411217||4|UN|1600|0|0|060|1403|1403-3G|0|0|0|0|0|0|0|||0|0|0|50|1600|1,65|||26,4|50|1600|7,6|||121,6|1.1.2.1.0001|
|C170|1|105.2RR511169A||2|UN|800|0|0|060|1403|1403-3G|0|0|0|0|0|0|0|||0|0|0|50|800|1,65|||13,2|50|800|7,6|||60,8|1.1.2.1.0001|
|C100|0|1|PA22763502004285|55|00|271|8851|15201122763502004285552710000088511000088520|27112020|27112020|600|1|0|0|600|0|0|0|0|0|0|0|0|0|9,9|45,6|0|0|
|C170|1|105.2T2199382M||1|UN|600|0|0|060|1403|1403-3G|0|0|0|0|0|0|0|||0|0|0|50|600|1,65|||9,9|50|600|7,6|||45,6|1.1.2.1.0001|
|C100|0|1|PA5389267000136|55|00|2|5227|15201105389267000136550020000052271578567336|28112020|28112020|185|1|11,5|0|196,5|9|0|0|0|0|0|0|0|0|0,92|4,26|0|0|
|C170|1|105.3454107340||1|UN|137|8,02|0|060|1403|1403-3G|0|0|0|0|0|0|0|||0|0|0|70|0|0|||0|70|0|0|||0|1.1.2.1.0001|
|C170|2|105.JS11754||1|UN|59,5|3,48|0|060|1403|1403-3G|0|0|0|0|0|0|0|||0|0|0|50|56,02|1,65|||0,92|50|56,02|7,6|||4,26|1.1.2.1.0001|
|C100|0|1|RS90852914000254|55|00|1|163320|43201090852914000254550010001633201656294583|29102020|09112020|5083,09|1|0|0|5083,09|0|0|0|0|0|0|0|0|0|13,09|60,29|0|0|
|C170|6|20.2R0609457B||2|UN|277,23|0|0|060|2403|2403-3G|0|0|0|0|0|0|0|||0|0|0|70|0|0|||0|70|0|0|||0|1.1.2.1.0001|
|C170|1|20.020765294||2|UN|608,53|0|0|060|2403|2403-3G|0|0|0|0|0|0|0|||0|0|0|70|0|0|||0|70|0|0|||0|1.1.2.1.0001|
|C170|4|20.TE3698721||48|UN|811,3|0|0|060|2403|2403-3G|0|0|0|0|0|0|0|||0|0|0|70|0|0|||0|70|0|0|||0|1.1.2.1.0001|
|C170|5|20.2RD607056||6|UN|1501,89|0|0|560|2403|2403-3G|0|0|0|0|0|0|0|||0|0|0|70|0|0|||0|70|0|0|||0|1.1.2.1.0001|
|C170|2|20.JS60284||5|UN|76,83|0|0|060|2403|2403-3G|0|0|0|0|0|0|0|||0|0|0|70|0|0|||0|70|0|0|||0|1.1.2.1.0001|
|C170|8|1.2W0607307||12|UN|793,35|0|0|060|2403|2403-3G|0|0|0|0|0|0|0|||0|0|0|50|793,35|1,65|||13,09|50|793,35|7,6|||60,29|1.1.2.1.0001|
|C170|3|20.2RR609909||12|UN|234,27|0|0|060|2403|2403-3G|0|0|0|0|0|0|0|||0|0|0|70|0|0|||0|70|0|0|||0|1.1.2.1.0001|
|C170|9|20.2T0609819||2|UN|311,14|0|0|060|2403|2403-3G|0|0|0|0|0|0|0|||0|0|0|70|0|0|||0|70|0|0|||0|1.1.2.1.0001|
|C170|7|20.2RR609909||24|UN|468,55|0|0|060|2403|2403-3G|0|0|0|0|0|0|0|||0|0|0|70|0|0|||0|70|0|0|||0|1.1.2.1.0001|
|C100|0|1|RS96735162000147|55|00|1|118293|43201096735162000147550010001182931126630318|29102020|12112020|1999,78|1|0|0|1999,78|1|0|0|0|0|0|0|0|0|15,05|69,32|0|0|
|C170|1|3.S01363120||6|UN|1087,69|0|0|060|2403|2403-3G|0|0|0|0|0|0|0|||0|0|0|70|0|0|||0|70|0|0|||0|1.1.2.1.0001|
|C170|2|2.2RH117241||3|UN|912,09|0|0|260|2403|2403-3G|0|0|0|0|0|0|0|||0|0|0|50|912,09|1,65|||15,05|50|912,09|7,6|||69,32|1.1.2.1.0001|
|C100|0|1|SP28419262000104|55|00|1|4349|35200928419262000104550010000043491132646240|29092020|04112020|2168,98|1|0|0|2168,98|1|0|0|0|0|0|0|0|0|3,37|15,51|0|0|
|C170|1|2.2RR607423||1|UN|204,09|0|0|860|2403|2403-3G|0|0|0|0|0|0|0|||0|0|0|50|204,09|1,65|||3,37|50|204,09|7,6|||15,51|1.1.2.1.0001|
|C170|6|3.2RG198301B||2|UN|136,36|0|0|060|2403|2403-3G|0|0|0|0|0|0|0|||0|0|0|70|0|0|||0|70|0|0|||0|1.1.2.1.0001|
|C170|4|1.JS60515||3|UN|979,17|0|0|860|2403|2403-3G|0|0|0|0|0|0|0|||0|0|0|70|0|0|||0|70|0|0|||0|1.1.2.1.0001|
|C170|5|2.2VC607243||1|UN|194,9|0|0|860|2403|2403-3G|0|0|0|0|0|0|0|||0|0|0|70|0|0|||0|70|0|0|||0|1.1.2.1.0001|
|C170|2|2.JS60914||1|UN|174,32|0|0|860|2403|2403-3G|0|0|0|0|0|0|0|||0|0|0|70|0|0|||0|70|0|0|||0|1.1.2.1.0001|
|C170|8|20.3525860113||1|UN|48,98|0|0|060|2403|2403-3G|0|0|0|0|0|0|0|||0|0|0|70|0|0|||0|70|0|0|||0|1.1.2.1.0001|
|C170|9|2.2VF198301||1|UN|74,81|0|0|060|2403|2403-3G|0|0|0|0|0|0|0|||0|0|0|70|0|0|||0|70|0|0|||0|1.1.2.1.0001|
|C170|3|1.2T0607359A||4|UN|101,58|0|0|860|2403|2403-3G|0|0|0|0|0|0|0|||0|0|0|70|0|0|||0|70|0|0|||0|1.1.2.1.0001|
|C170|7|2.2TJ198301A||4|UN|254,77|0|0|060|2403|2403-3G|0|0|0|0|0|0|0|||0|0|0|70|0|0|||0|70|0|0|||0|1.1.2.1.0001|
|C100|0|1|SP416170000151|55|00|1|785648|35201000416170000151550010007856481822523508|28102020|16112020|9199,45|1|0|0|9199,45|0|0|0|0|0|0|0|0|0|1,28|5,89|0|0|
|C170|4|20.2S2721261||6|UN|2022,76|0|0|560|2403|2403-3G|0|0|0|0|0|0|0|||0|0|0|70|0|0|||0|70|0|0|||0|1.1.2.1.0001|
|C170|1|20.JS10846||1|UN|2026,34|0|0|560|2403|2403-3G|0|0|0|0|0|0|0|||0|0|0|70|0|0|||0|70|0|0|||0|1.1.2.1.0001|
|C170|6|20.TAR607337B||1|UN|77,53|0|0|560|2403|2403-3G|0|0|0|0|0|0|0|||0|0|0|50|77,53|1,65|||1,28|50|77,53|7,6|||5,89|1.1.2.1.0001|
|C170|5|20.JS61131||3|UN|735,26|0|0|360|2403|2403-3G|0|0|0|0|0|0|0|||0|0|0|70|0|0|||0|70|0|0|||0|1.1.2.1.0001|
|C170|2|20.2S2721261||6|UN|2022,76|0|0|560|2403|2403-3G|0|0|0|0|0|0|0|||0|0|0|70|0|0|||0|70|0|0|||0|1.1.2.1.0001|
|C170|7|20.T11698555||5|UN|292,04|0|0|560|2403|2403-3G|0|0|0|0|0|0|0|||0|0|0|70|0|0|||0|70|0|0|||0|1.1.2.1.0001|
|C170|3|20.2S2721261||6|UN|2022,76|0|0|560|2403|2403-3G|0|0|0|0|0|0|0|||0|0|0|70|0|0|||0|70|0|0|||0|1.1.2.1.0001|
|C100|0|1|SP416170000151|55|00|1|786620|35201100416170000151550010007866201998858836|04112020|18112020|2165,01|1|0|0|2165,01|0|0|0|0|0|0|0|0|0|4,18|19,25|0|0|
|C170|3|20.2VC698415||7|UN|278,15|0|0|560|2403|2403-3G|0|0|0|0|0|0|0|||0|0|0|70|0|0|||0|70|0|0|||0|1.1.2.1.0001|
|C170|1|20.JS60429||1|UN|695,33|0|0|560|2403|2403-3G|0|0|0|0|0|0|0|||0|0|0|70|0|0|||0|70|0|0|||0|1.1.2.1.0001|
|C170|4|20.JS60427||3|UN|461,4|0|0|560|2403|2403-3G|0|0|0|0|0|0|0|||0|0|0|70|0|0|||0|70|0|0|||0|1.1.2.1.0001|
|C170|2|20.TAG607271||2|UN|253,3|0|0|560|2403|2403-3G|0|0|0|0|0|0|0|||0|0|0|50|253,3|1,65|||4,18|50|253,3|7,6|||19,25|1.1.2.1.0001|
|C170|5|20.2VC698415||12|UN|476,83|0|0|560|2403|2403-3G|0|0|0|0|0|0|0|||0|0|0|70|0|0|||0|70|0|0|||0|1.1.2.1.0001|
|C100|0|1|SP416170000151|55|00|1|788845|35201100416170000151550010007888451054473028|17112020|27112020|1613,31|1|0|0|1613,31|0|0|0|0|0|0|0|0|0|17,64|81,28|0|0|
|C170|1|20.T13607271A||10|UN|218,27|0|0|560|2403|2403-3G|0|0|0|0|0|0|0|||0|0|0|50|218,27|1,65|||3,6|50|218,27|7,6|||16,59|1.1.2.1.0001|
|C170|4|20.T13607271A||10|UN|218,27|0|0|560|2403|2403-3G|0|0|0|0|0|0|0|||0|0|0|50|218,27|1,65|||3,6|50|218,27|7,6|||16,59|1.1.2.1.0001|
|C170|2|20.2VF607243||2|UN|543,76|0|0|560|2403|2403-3G|0|0|0|0|0|0|0|||0|0|0|70|0|0|||0|70|0|0|||0|1.1.2.1.0001|
|C170|5|20.T13607271A||14|UN|305,59|0|0|560|2403|2403-3G|0|0|0|0|0|0|0|||0|0|0|50|305,59|1,65|||5,04|50|305,59|7,6|||23,22|1.1.2.1.0001|
|C170|3|20.T13607271A||15|UN|327,42|0|0|560|2403|2403-3G|0|0|0|0|0|0|0|||0|0|0|50|327,42|1,65|||5,4|50|327,42|7,6|||24,88|1.1.2.1.0001|
|C100|0|1|SP841654000148|55|00|2|236821|35201000841654000148550020002368211912691421|30102020|18112020|2291,24|1|0|0|2291,24|1|0|0|0|0|0|0|0|0|6,14|28,29|0|0|
|C170|1|1.6965007175||5|UN|581,33|0|0|060|2403|2403-3G|0|0|0|0|0|0|0|||0|0|0|70|0|0|||0|70|0|0|||0|1.1.2.1.0001|
|C170|2|1.2RG121073A||10|UN|1337,69|0|0|060|2403|2403-3G|0|0|0|0|0|0|0|||0|0|0|70|0|0|||0|70|0|0|||0|1.1.2.1.0001|
|C170|3|1.TAR145743||10|UN|372,22|0|0|060|2403|2403-3G|0|0|0|0|0|0|0|||0|0|0|50|372,22|1,65|||6,14|50|372,22|7,6|||28,29|1.1.2.1.0001|
|C010|04185877000317|2|
|C100|0|1|GO2212918000120|55|00|2|691562|52201102212918000120550020006915621003472153|17112020|23112020|160|1|0|0|160|1|0|0|0|0|0|0|0|0|2,64|12,16|0|0|
|C170|1|20.2P0145856||1|UN|160|0|0|060|2403|2403-3B|0|0|0|0|0|0|0|||0|0|0|50|160|1,65|||2,64|50|160|7,6|||12,16|1.1.2.1.0001|
|C100|0|1|GO2212918000120|55|00|2|693435|52201102212918000120550020006934351003516947|27112020|30112020|380|1|175,18|0|555,18|9|0|0|0|0|0|0|0|0|6,27|28,88|0|0|
|C170|1|105.2V2129973B||1|UN|555,18|175,18|0|060|2403|2403-3B|0|0|0|0|0|0|0|||0|0|0|50|380|1,65|||6,27|50|380|7,6|||28,88|1.1.2.1.0001|
|C100|0|1|MT11721618000167|55|00|1|30445|51201111721618000167550010000304451883845816|13112020|13112020|70|1|0|0|70|0|0|0|0|0|0|0|0|0|1,16|5,32|0|0|
|C170|1|105.JS15928||1|UN|70|0|0|060|1403|1403-3B|0|0|0|0|0|0|0|||0|0|0|50|70|1,65|||1,16|50|70|7,6|||5,32|1.1.2.1.0001|
|C100|0|1|MT11721618000167|55|00|1|30450|51201111721618000167550010000304501933845865|13112020|13112020|94|1|0|0|94|0|0|0|0|0|0|0|0|0|1,55|7,14|0|0|
|C170|1|20.2TA117245||1|UN|94|0|0|060|1403|1403-3B|0|0|0|0|0|0|0|||0|0|0|50|94|1,65|||1,55|50|94|7,6|||7,14|1.1.2.1.0001|
|C100|0|1|MT16617294000135|55|00|1|2584|51201016617294000135550010000025841113721204|30102020|05112020|104,66|1|12,93|0|117,59|0|0|0|0|0|0|0|0|0|1,73|7,95|0|0|
|C110|90|Dev. Nf(s): 369097-1 27/10/2020 R$363,55.|
|C170|1|1.JS70044||1|UN|117,59|12,93|0|060|1411|1411-3B|0|0|0|0|0|0|0|||0|0|0|50|104,66|1,65|||1,73|50|104,66|7,6|||7,95|1.1.2.1.0001|
|C100|0|1|MT2803735000189|55|00|1|315830|51201102803735000189550010003158301097393380|27112020|27112020|90|1|0|0|90|1|0|0|0|0|0|0|0|0|1,49|6,84|0|0|
|C170|1|105.2T2129973F||1|UN|90|0|0|060|1403|1403-3B|0|0|0|0|0|0|0|||0|0|0|50|90|1,65|||1,49|50|90|7,6|||6,84|1.1.2.1.0001|
|C100|0|1|MT37463171000167|55|00|1|39028|51201137463171000167550010000390281541311778|30112020|30112020|260|1|0|0|260|9|0|0|0|0|0|0|0|0|4,29|19,76|0|0|
|C170|1|105.2T2121101G||1|UN|260|0|0|060|1403|1403-3B|0|0|0|0|0|0|0|||0|0|0|50|260|1,65|||4,29|50|260|7,6|||19,76|1.1.2.1.0001|
|C100|0|1|MT61838884000223|55|00|4|96350|51201161838884000223550040000963501001886103|05112020|09112020|1011,13|1|0|0|1011,13|9|0|0|0|0|0|0|0|0|0,45|2,08|0|0|
|C170|3|3.2S0109309A||10|UN|440,19|0|0|060|1403|1403-3B|0|0|0|0|0|0|0|||0|0|0|70|0|0|||0|70|0|0|||0|1.1.2.1.0001|
|C170|2|20.JS14532||4|UN|139,87|0|0|060|1403|1403-3B|0|0|0|0|0|0|0|||0|0|0|70|0|0|||0|70|0|0|||0|1.1.2.1.0001|
|C170|4|1.2R0109301||20|UN|403,69|0|0|260|1403|1403-3B|0|0|0|0|0|0|0|||0|0|0|70|0|0|||0|70|0|0|||0|1.1.2.1.0001|
|C170|1|1.2T0145735||1|UN|27,38|0|0|260|1403|1403-3B|0|0|0|0|0|0|0|||0|0|0|50|27,38|1,65|||0,45|50|27,38|7,6|||2,08|1.1.2.1.0001|
|C100|0|1|MT61838884000223|55|00|4|96445|51201161838884000223550040000964451001908080|09112020|09112020|959,57|1|0|0|959,57|9|0|0|0|0|0|0|0|0|15,83|72,93|0|0|
|C170|1|105.JS12162||1|UN|959,57|0|0|060|1403|1403-3B|0|0|0|0|0|0|0|||0|0|0|50|959,57|1,65|||15,83|50|959,57|7,6|||72,93|1.1.2.1.0001|
|C100|0|1|MT61838884000223|55|00|4|96822|51201161838884000223550040000968221001910724|25112020|25112020|530,08|1|0|0|530,08|9|0|0|0|0|0|0|0|0|0,76|3,49|0|0|
|C170|2|3.JS90637||1|UN|45,87|0|0|260|1403|1403-3B|0|0|0|0|0|0|0|||0|0|0|50|45,87|1,65|||0,76|50|45,87|7,6|||3,49|1.1.2.1.0001|
|C170|1|2.2R0101451B||22|UN|484,21|0|0|260|1403|1403-3B|0|0|0|0|0|0|0|||0|0|0|70|0|0|||0|70|0|0|||0|1.1.2.1.0001|
|C100|0|1|MT9001879000837|55|00|5|7864|51201109001879000837550050000078641001147655|04112020|09112020|22,5|1|0|0|22,5|0|0|0|0|0|0|0|0|0|0,37|1,71|0|0|
|C170|1|compraD20||1|UN|22,5|0|0|060|1653|1653-2B|0|0|0|0|0|0|0|||0|0|0|50|22,5|1,65|||0,37|50|22,5|7,6|||1,71|1.1.2.1.0001|
|C100|0|1|SP2162259000326|55|00|1|560339|35201102162259000326550010005603391591982452|12112020|25112020|1506,75|1|0|0|1486,78|0|18,98|0|0|0|0|0|0|0|0,87|4|0|0|
|C170|2|2.03873013||20|UN|52,59|0|0|060|2403|2403-3B|0|0|0|0|0|0|0|||0|0|0|50|52,59|1,65|||0,87|50|52,59|7,6|||4|1.1.2.1.0001|
|C170|3|1.2R0115105A||2|UN|470,7|0|0|060|2403|2403-3B|0|0|0|0|0|0|0|||0|0|0|70|0|0|||0|70|0|0|||0|1.1.2.1.0001|
|C170|1|3.2RD198181||7|UN|963,49|0|0|060|2403|2403-3B|0|0|0|0|0|0|0|||0|0|0|70|0|0|||0|70|0|0|||0|1.1.2.1.0001|
|C100|0|1|SP22762139000105|55|06|2|31074|35201122762139000105550020000310741327311669|18112020|30112020|9,23|1|0|0|18,46|0|0|0|0|0|0|0|0|0|0,02|0,1|0|0|
|C170|4|20.TJG115629||1|UN|0,2|0|0|090|2403|2403-3B|0|0|0|0|0|0|0|||0|0|0|70|0|0|||0|70|0|0|||0|1.1.2.1.0001|
|C170|11|2.251419661||1|UN|0,4|0|0|090|2403|2403-3B|0|0|0|0|0|0|0|||0|0|0|70|0|0|||0|70|0|0|||0|1.1.2.1.0001|
|C170|10|20.TEG105315||1|UN|6,06|0|0|090|2403|2403-3B|0|0|0|0|0|0|0|||0|0|0|70|0|0|||0|70|0|0|||0|1.1.2.1.0001|
|C170|6|5.TJG711099||1|UN|0,38|0|0|090|2403|2403-3B|0|0|0|0|0|0|0|||0|0|0|70|0|0|||0|70|0|0|||0|1.1.2.1.0001|
|C170|1|12.2RD721339||1|UN|0,24|0|0|090|2403|2403-3B|0|0|0|0|0|0|0|||0|0|0|50|0,24|1,65|||0|50|0,24|7,6|||0,02|1.1.2.1.0001|
|C170|8|20.TJG130525B||1|UN|1,08|0|0|090|2403|2403-3B|0|0|0|0|0|0|0|||0|0|0|50|1,08|1,65|||0,02|50|1,08|7,6|||0,08|1.1.2.1.0001|
|C170|7|2.TAR711523||1|UN|0,92|0|0|090|2403|2403-3B|0|0|0|0|0|0|0|||0|0|0|70|0|0|||0|70|0|0|||0|1.1.2.1.0001|
|C170|3|4.TJG711116||1|UN|0,28|0|0|090|2403|2403-3B|0|0|0|0|0|0|0|||0|0|0|70|0|0|||0|70|0|0|||0|1.1.2.1.0001|
|C170|9|3.2VB721507||1|UN|0,24|0|0|090|2403|2403-3B|0|0|0|0|0|0|0|||0|0|0|70|0|0|||0|70|0|0|||0|1.1.2.1.0001|
|C170|2|3.T13141161||1|UN|2,18|0|0|090|2403|2403-3B|0|0|0|0|0|0|0|||0|0|0|70|0|0|||0|70|0|0|||0|1.1.2.1.0001|
|C170|5|20.2RD721441||1|UN|6,48|0|0|090|2403|2403-3B|0|0|0|0|0|0|0|||0|0|0|70|0|0|||0|70|0|0|||0|1.1.2.1.0001|
|C100|0|1|SP4125812000700|55|00|1|1357848|35201104125812000700550010013578481357750480|12112020|18112020|135,16|1|0|0|135,16|1|0|0|0|0|0|0|0|0|2,23|10,27|0|0|
|C170|1|105.JS12337||2|UN|135,16|0|0|060|2403|2403-3B|0|0|0|0|0|0|0|||0|0|0|50|135,16|1,65|||2,23|50|135,16|7,6|||10,27|1.1.2.1.0001|
|C100|0|1|SP416170000151|55|00|1|784389|35201000416170000151550010007843891088856944|22102020|04112020|6872,18|1|0|0|6872,18|0|0|0|0|0|0|0|0|0|1,56|7,14|0|0|
|C170|4|20.TJG607410A||1|UN|47|0|0|560|2403|2403-3B|0|0|0|0|0|0|0|||0|0|0|50|47|1,65|||0,78|50|47|7,6|||3,57|1.1.2.1.0001|
|C170|6|20.2R0100759A||3|UN|3631,21|0|0|560|2403|2403-3B|0|0|0|0|0|0|0|||0|0|0|70|0|0|||0|70|0|0|||0|1.1.2.1.0001|
|C170|1|20.2RG145515||3|UN|499,38|0|0|560|2403|2403-3B|0|0|0|0|0|0|0|||0|0|0|70|0|0|||0|70|0|0|||0|1.1.2.1.0001|
|C170|8|20.2TJ198301A||4|UN|282,98|0|0|560|2403|2403-3B|0|0|0|0|0|0|0|||0|0|0|70|0|0|||0|70|0|0|||0|1.1.2.1.0001|
|C170|7|20.2RG145515||3|UN|499,38|0|0|560|2403|2403-3B|0|0|0|0|0|0|0|||0|0|0|70|0|0|||0|70|0|0|||0|1.1.2.1.0001|
|C170|3|20.2RG145515||3|UN|499,38|0|0|560|2403|2403-3B|0|0|0|0|0|0|0|||0|0|0|70|0|0|||0|70|0|0|||0|1.1.2.1.0001|
|C170|9|20.TJG607410A||1|UN|47|0|0|560|2403|2403-3B|0|0|0|0|0|0|0|||0|0|0|50|47|1,65|||0,78|50|47|7,6|||3,57|1.1.2.1.0001|
|C170|5|20.JS11424||1|UN|1240,3|0|0|360|2403|2403-3B|0|0|0|0|0|0|0|||0|0|0|70|0|0|||0|70|0|0|||0|1.1.2.1.0001|
|C170|2|20.2RD607345||12|UN|125,55|0|0|560|2403|2403-3B|0|0|0|0|0|0|0|||0|0|0|70|0|0|||0|70|0|0|||0|1.1.2.1.0001|
|C100|0|1|SP45967890000143|55|00|2|223073|35201145967890000143550020002230731813082236|12112020|18112020|4197,85|1|0|0|4197,85|0|0|0|0|0|0|0|0|0|1,64|7,55|0|0|
|C170|4|20.2T2411041||10|UN|75,98|0|0|060|2403|2403-3B|0|0|0|0|0|0|0|||0|0|0|50|75,98|1,65|||1,25|50|75,98|7,6|||5,77|1.1.2.1.0001|
|C170|11|1.2RG311179A||1|UN|108,9|0|0|060|2403|2403-3B|0|0|0|0|0|0|0|||0|0|0|70|0|0|||0|70|0|0|||0|1.1.2.1.0001|
|C170|10|20.2SH199381||1|UN|32,55|0|0|060|2403|2403-3B|0|0|0|0|0|0|0|||0|0|0|70|0|0|||0|70|0|0|||0|1.1.2.1.0001|
|C170|6|2.2TB105259||2|UN|1566,49|0|0|060|2403|2403-3B|0|0|0|0|0|0|0|||0|0|0|70|0|0|||0|70|0|0|||0|1.1.2.1.0001|
|C170|1|2.TMJ521117||3|UN|494,65|0|0|560|2403|2403-3B|0|0|0|0|0|0|0|||0|0|0|70|0|0|||0|70|0|0|||0|1.1.2.1.0001|
|C170|7|2.JS50238||2|UN|23,38|0|0|060|2403|2403-3B|0|0|0|0|0|0|0|||0|0|0|50|23,38|1,65|||0,39|50|23,38|7,6|||1,78|1.1.2.1.0001|
|C170|8|1.S01782203||1|UN|634,92|0|0|060|2403|2403-3B|0|0|0|0|0|0|0|||0|0|0|70|0|0|||0|70|0|0|||0|1.1.2.1.0001|
|C170|3|1.TJG199201B||4|UN|125,75|0|0|060|2403|2403-3B|0|0|0|0|0|0|0|||0|0|0|70|0|0|||0|70|0|0|||0|1.1.2.1.0001|
|C170|2|1.TMG521117||1|UN|166,15|0|0|560|2403|2403-3B|0|0|0|0|0|0|0|||0|0|0|70|0|0|||0|70|0|0|||0|1.1.2.1.0001|
|C170|5|1.2T2199382L||2|UN|907,11|0|0|060|2403|2403-3B|0|0|0|0|0|0|0|||0|0|0|70|0|0|||0|70|0|0|||0|1.1.2.1.0001|
|C170|9|20.JS12710||4|UN|61,97|0|0|060|2403|2403-3B|0|0|0|0|0|0|0|||0|0|0|70|0|0|||0|70|0|0|||0|1.1.2.1.0001|
|C100|0|1|SP4935166000150|55|00|1|446882|35201004935166000150550010004468821925282920|28102020|03112020|741,57|1|0|0|741,57|1|0|0|0|0|0|0|0|0|2,41|11,12|0|0|
|C170|3|105.TJG899371E||8|UN|549,96|0|0|060|2403|2403-3B|0|0|0|0|0|0|0|||0|0|0|70|0|0|||0|70|0|0|||0|1.1.2.1.0001|
|C170|2|105.2T2115611D||1|UN|45,35|0|0|060|2403|2403-3B|0|0|0|0|0|0|0|||0|0|0|70|0|0|||0|70|0|0|||0|1.1.2.1.0001|
|C170|1|105.JS13665||1|UN|146,26|0|0|060|2403|2403-3B|0|0|0|0|0|0|0|||0|0|0|50|146,26|1,65|||2,41|50|146,26|7,6|||11,12|1.1.2.1.0001|
|C100|0|1|SP4935166000150|55|00|1|448470|35201104935166000150550010004484701189220948|13112020|17112020|333,81|1|0|0|333,81|1|0|0|0|0|0|0|0|0|0,97|4,47|0|0|
|C170|1|105.TJG899371E||4|UN|274,97|0|0|060|2403|2403-3B|0|0|0|0|0|0|0|||0|0|0|70|0|0|||0|70|0|0|||0|1.1.2.1.0001|
|C170|2|105.2S2121101B||1|UN|58,84|0|0|060|2403|2403-3B|0|0|0|0|0|0|0|||0|0|0|50|58,84|1,65|||0,97|50|58,84|7,6|||4,47|1.1.2.1.0001|
|C100|0|1|SP61136701000147|55|06|1|1036517|35201161136701000147550010010365171018165271|18112020|26112020|5,32|1|0|0|10,64|0|0|0|0|0|0|0|0|0|0,18|0,81|0|0|
|C170|1|1.281845121||1|UN|10,64|0|0|090|2403|2403-3B|0|0|0|0|0|0|0|||0|0|0|50|10,64|1,65|||0,18|50|10,64|7,6|||0,81|1.1.2.1.0001|
|C010|04185877000589|2|
|C100|0|1|MA3961709000141|55|00|1|244015|21201103961709000141550010002440151000005080|18112020|18112020|460,14|1|51,13|0|511,27|9|0|0|0|0|0|0|0|0|7,59|34,97|0|0|
|C170|1|105.2R2845322A||1|UN|511,27|51,13|0|060|1403|1403-3F|0|0|0|0|0|0|0|||0|0|0|50|460,14|1,65|||7,59|50|460,14|7,6|||34,97|1.1.2.1.0001|
|C100|0|1|MA3961709000141|55|00|1|244655|21201103961709000141550010002446551000005089|24112020|24112020|50,53|1|5,61|0|56,14|9|0|0|0|0|0|0|0|0|0,83|3,84|0|0|
|C170|1|105.2R2845437||1|UN|56,14|5,61|0|060|1403|1403-3F|0|0|0|0|0|0|0|||0|0|0|50|50,53|1,65|||0,83|50|50,53|7,6|||3,84|1.1.2.1.0001|
|C100|0|1|MA4726179000110|55|00|1|9751|21201104726179000110550010000097511000027339|06112020|09112020|452,02|1|50,22|0|502,24|0|0|0|0|0|0|0|0|0|7,46|34,35|0|0|
|C110|16|Dev. Nf(s): 351706-1 05/11/2020 R$609,43.|
|C170|1|20.2U0505179A||8|UN|502,24|50,22|0|060|1411|1411-3F|0|0|0|0|0|0|0|||0|0|0|50|452,02|1,65|||7,46|50|452,02|7,6|||34,35|1.1.2.1.0001|
|C100|0|1|RS8304706000230|55|00|100|2777|43201008304706000230551000000027771183062178|22102020|09112020|5684,39|1|0|0|5684,39|0|0|0|0|0|0|0|0|0|50,88|234,37|0|0|
|C170|1|20.2U0505179||60|UN|3083,84|0|0|060|2403|2403-3F|0|0|0|0|0|0|0|||0|0|0|50|3083,84|1,65|||50,88|50|3083,84|7,6|||234,37|1.1.2.1.0001|
|C170|4|20.2RR512160||3|UN|853,52|0|0|060|2403|2403-3F|0|0|0|0|0|0|0|||0|0|0|70|0|0|||0|70|0|0|||0|1.1.2.1.0001|
|C170|2|20.2U0511267||10|UN|39,98|0|0|060|2403|2403-3F|0|0|0|0|0|0|0|||0|0|0|70|0|0|||0|70|0|0|||0|1.1.2.1.0001|
|C170|3|20.2RR512160||6|UN|1707,05|0|0|060|2403|2403-3F|0|0|0|0|0|0|0|||0|0|0|70|0|0|||0|70|0|0|||0|1.1.2.1.0001|
|C100|0|1|SP22762139000105|55|00|2|30727|35201122762139000105550020000307271013416216|11112020|19112020|1420,89|1|0|0|1420,89|1|0|0|0|0|0|0|0|0|11,09|51,06|0|0|
|C170|4|107.3845011382||2|UN|325,32|0|0|060|2403|2403-3F|0|0|0|0|0|0|0|||0|0|0|50|325,32|1,65|||5,37|50|325,32|7,6|||24,72|1.1.2.1.0001|
|C170|1|107.6704201819||2|UN|158,19|0|0|060|2403|2403-3F|0|0|0|0|0|0|0|||0|0|0|70|0|0|||0|70|0|0|||0|1.1.2.1.0001|
|C170|3|20.2S2145856C||1|UN|346,54|0|0|060|2403|2403-3F|0|0|0|0|0|0|0|||0|0|0|50|346,54|1,65|||5,72|50|346,54|7,6|||26,34|1.1.2.1.0001|
|C170|5|20.2RD521209||20|UN|410,84|0|0|060|2403|2403-3F|0|0|0|0|0|0|0|||0|0|0|70|0|0|||0|70|0|0|||0|1.1.2.1.0001|
|C170|2|107.9042030574||10|UN|180|0|0|060|2403|2403-3F|0|0|0|0|0|0|0|||0|0|0|70|0|0|||0|70|0|0|||0|1.1.2.1.0001|
|C100|0|1|SP416170000151|55|00|1|784320|35201000416170000151550010007843201996752250|22102020|04112020|6392,24|1|0|0|6392,24|0|0|0|0|0|0|0|0|0|10,49|48,32|0|0|
|C170|3|20.TJG607410A||3|UN|140,97|0|0|560|2403|2403-3F|0|0|0|0|0|0|0|||0|0|0|50|140,97|1,65|||2,33|50|140,97|7,6|||10,71|1.1.2.1.0001|
|C170|2|20.2RH145623A||2|UN|1177,12|0|0|560|2403|2403-3F|0|0|0|0|0|0|0|||0|0|0|70|0|0|||0|70|0|0|||0|1.1.2.1.0001|
|C170|5|20.TJG607410A||2|UN|93,98|0|0|560|2403|2403-3F|0|0|0|0|0|0|0|||0|0|0|50|93,98|1,65|||1,55|50|93,98|7,6|||7,14|1.1.2.1.0001|
|C170|9|20.2TJ198301A||3|UN|229,25|0|0|560|2403|2403-3F|0|0|0|0|0|0|0|||0|0|0|70|0|0|||0|70|0|0|||0|1.1.2.1.0001|
|C170|7|20.2R2607403||1|UN|468,39|0|0|560|2403|2403-3F|0|0|0|0|0|0|0|||0|0|0|70|0|0|||0|70|0|0|||0|1.1.2.1.0001|
|C170|8|20.2T0860114||2|UN|335,34|0|0|560|2403|2403-3F|0|0|0|0|0|0|0|||0|0|0|50|335,34|1,65|||5,53|50|335,34|7,6|||25,49|1.1.2.1.0001|
|C170|10|20.2RG198301C||3|UN|306,49|0|0|560|2403|2403-3F|0|0|0|0|0|0|0|||0|0|0|70|0|0|||0|70|0|0|||0|1.1.2.1.0001|
|C170|6|20.2T2607403||4|UN|1792,5|0|0|560|2403|2403-3F|0|0|0|0|0|0|0|||0|0|0|70|0|0|||0|70|0|0|||0|1.1.2.1.0001|
|C170|12|20.T13607271A||3|UN|65,49|0|0|560|2403|2403-3F|0|0|0|0|0|0|0|||0|0|0|50|65,49|1,65|||1,08|50|65,49|7,6|||4,98|1.1.2.1.0001|
|C170|1|20.2RG198301B||3|UN|310,38|0|0|560|2403|2403-3F|0|0|0|0|0|0|0|||0|0|0|70|0|0|||0|70|0|0|||0|1.1.2.1.0001|
|C170|4|20.2R0100759A||1|UN|1305,91|0|0|560|2403|2403-3F|0|0|0|0|0|0|0|||0|0|0|70|0|0|||0|70|0|0|||0|1.1.2.1.0001|
|C170|11|20.2T2698459||2|UN|166,42|0|0|560|2403|2403-3F|0|0|0|0|0|0|0|||0|0|0|70|0|0|||0|70|0|0|||0|1.1.2.1.0001|
|C100|0|1|SP416170000151|55|00|1|785575|35201000416170000151550010007855751577457325|28102020|12112020|6528,1|1|0|0|6528,1|0|0|0|0|0|0|0|0|0|2,42|11,14|0|0|
|C170|8|20.2RD607345||24|UN|271,17|0|0|560|2403|2403-3F|0|0|0|0|0|0|0|||0|0|0|70|0|0|||0|70|0|0|||0|1.1.2.1.0001|
|C170|7|20.2T0198389||4|UN|489,67|0|0|560|2403|2403-3F|0|0|0|0|0|0|0|||0|0|0|70|0|0|||0|70|0|0|||0|1.1.2.1.0001|
|C170|9|20.2T0198389||6|UN|734,5|0|0|560|2403|2403-3F|0|0|0|0|0|0|0|||0|0|0|70|0|0|||0|70|0|0|||0|1.1.2.1.0001|
|C170|5|20.2RG198301B||6|UN|620,78|0|0|560|2403|2403-3F|0|0|0|0|0|0|0|||0|0|0|70|0|0|||0|70|0|0|||0|1.1.2.1.0001|
|C170|2|20.2VC698415||3|UN|121,42|0|0|560|2403|2403-3F|0|0|0|0|0|0|0|||0|0|0|70|0|0|||0|70|0|0|||0|1.1.2.1.0001|
|C170|3|20.2TJ198301C||6|UN|1770,78|0|0|560|2403|2403-3F|0|0|0|0|0|0|0|||0|0|0|70|0|0|||0|70|0|0|||0|1.1.2.1.0001|
|C170|11|20.2TJ198301C||3|UN|885,39|0|0|560|2403|2403-3F|0|0|0|0|0|0|0|||0|0|0|70|0|0|||0|70|0|0|||0|1.1.2.1.0001|
|C170|4|20.2RG198301C||3|UN|306,49|0|0|560|2403|2403-3F|0|0|0|0|0|0|0|||0|0|0|70|0|0|||0|70|0|0|||0|1.1.2.1.0001|
|C170|1|20.JS60435||1|UN|187,79|0|0|560|2403|2403-3F|0|0|0|0|0|0|0|||0|0|0|70|0|0|||0|70|0|0|||0|1.1.2.1.0001|
|C170|13|20.TAR607410A||3|UN|146,63|0|0|560|2403|2403-3F|0|0|0|0|0|0|0|||0|0|0|50|146,63|1,65|||2,42|50|146,63|7,6|||11,14|1.1.2.1.0001|
|C170|6|20.2T0198389||2|UN|244,84|0|0|560|2403|2403-3F|0|0|0|0|0|0|0|||0|0|0|70|0|0|||0|70|0|0|||0|1.1.2.1.0001|
|C170|10|20.2TJ198301A||9|UN|687,74|0|0|560|2403|2403-3F|0|0|0|0|0|0|0|||0|0|0|70|0|0|||0|70|0|0|||0|1.1.2.1.0001|
|C170|12|20.2TJ198301B||1|UN|60,9|0|0|560|2403|2403-3F|0|0|0|0|0|0|0|||0|0|0|70|0|0|||0|70|0|0|||0|1.1.2.1.0001|
|C100|0|1|SP68857085000162|55|00|1|921989|35201068857085000162550010009219891109330917|28102020|04112020|5374,5|1|0|0|5374,5|1|0|0|0|0|0|0|0|0|1,77|8,15|0|0|
|C170|6|20.2P09535161NN||2|UN|81,09|0|0|060|2403|2403-3F|0|0|0|0|0|0|0|||0|0|0|70|0|0|||0|70|0|0|||0|1.1.2.1.0001|
|C170|1|20.2R2721507||2|UN|870,48|0|0|260|2403|2403-3F|0|0|0|0|0|0|0|||0|0|0|70|0|0|||0|70|0|0|||0|1.1.2.1.0001|
|C170|4|20.2P09535151NN||2|UN|33,5|0|0|060|2403|2403-3F|0|0|0|0|0|0|0|||0|0|0|70|0|0|||0|70|0|0|||0|1.1.2.1.0001|
|C170|3|20.07W121011C||7|UN|4282,18|0|0|060|2403|2403-3F|0|0|0|0|0|0|0|||0|0|0|70|0|0|||0|70|0|0|||0|1.1.2.1.0001|
|C170|2|20.2R0867911A||2|UN|101,23|0|0|060|2403|2403-3F|0|0|0|0|0|0|0|||0|0|0|50|101,23|1,65|||1,67|50|101,23|7,6|||7,69|1.1.2.1.0001|
|C170|5|1.2P0837565||2|UN|6,02|0|0|060|2403|2403-3F|0|0|0|0|0|0|0|||0|0|0|50|6,02|1,65|||0,1|50|6,02|7,6|||0,46|1.1.2.1.0001|
|C010|04185877000660|2|
|C100|0|1|PI12496029000195|55|00|1|16625|22201112496029000195550010000166251001662514|04112020|04112020|380|1|0|0|380|0|0|0|0|0|0|0|0|0|6,27|28,88|0|0|
|C170|1|105.JS11573||1|UN|380|0|0|060|1403|1403-3D|0|0|0|0|0|0|0|||0|0|0|50|380|1,65|||6,27|50|380|7,6|||28,88|1.1.2.1.0001|
|C100|0|1|SP416170000151|55|00|1|787545|35201100416170000151550010007875451671054658|10112020|20112020|2561,13|1|0|0|2561,13|0|0|0|0|0|0|0|0|0|5,53|25,49|0|0|
|C170|1|20.2R2721257||3|UN|1879,42|0|0|560|2403|2403-3D|0|0|0|0|0|0|0|||0|0|0|70|0|0|||0|70|0|0|||0|1.1.2.1.0001|
|C170|2|20.2T0860114||2|UN|335,34|0|0|560|2403|2403-3D|0|0|0|0|0|0|0|||0|0|0|50|335,34|1,65|||5,53|50|335,34|7,6|||25,49|1.1.2.1.0001|
|C170|3|20.2TJ198301A||3|UN|217,64|0|0|560|2403|2403-3D|0|0|0|0|0|0|0|||0|0|0|70|0|0|||0|70|0|0|||0|1.1.2.1.0001|
|C170|4|20.2RD607345||12|UN|128,73|0|0|560|2403|2403-3D|0|0|0|0|0|0|0|||0|0|0|70|0|0|||0|70|0|0|||0|1.1.2.1.0001|
|C100|0|1|SP45967890000143|55|00|2|223158|35201145967890000143550020002231581414610343|13112020|23112020|2961,06|1|0|0|2961,06|0|0|0|0|0|0|0|0|0|2,7|12,42|0|0|
|C170|6|20.2T2411041||10|UN|77,9|0|0|060|2403|2403-3D|0|0|0|0|0|0|0|||0|0|0|50|77,9|1,65|||1,29|50|77,9|7,6|||5,92|1.1.2.1.0001|
|C170|3|1.2R0199379||1|UN|174,41|0|0|060|2403|2403-3D|0|0|0|0|0|0|0|||0|0|0|70|0|0|||0|70|0|0|||0|1.1.2.1.0001|
|C170|5|1.2T2199255C||10|UN|1395,83|0|0|060|2403|2403-3D|0|0|0|0|0|0|0|||0|0|0|70|0|0|||0|70|0|0|||0|1.1.2.1.0001|
|C170|2|1.2P0199379||1|UN|174,41|0|0|060|2403|2403-3D|0|0|0|0|0|0|0|||0|0|0|70|0|0|||0|70|0|0|||0|1.1.2.1.0001|
|C170|1|1.2RD721173||20|UN|85,54|0|0|060|2403|2403-3D|0|0|0|0|0|0|0|||0|0|0|50|85,54|1,65|||1,41|50|85,54|7,6|||6,5|1.1.2.1.0001|
|C170|9|1.JS81297||10|UN|163,12|0|0|060|2403|2403-3D|0|0|0|0|0|0|0|||0|0|0|70|0|0|||0|70|0|0|||0|1.1.2.1.0001|
|C170|7|1.TJG411171||4|UN|97,2|0|0|060|2403|2403-3D|0|0|0|0|0|0|0|||0|0|0|70|0|0|||0|70|0|0|||0|1.1.2.1.0001|
|C170|8|1.2T2199255||4|UN|511,78|0|0|060|2403|2403-3D|0|0|0|0|0|0|0|||0|0|0|70|0|0|||0|70|0|0|||0|1.1.2.1.0001|
|C170|4|20.2T2199255D||2|UN|280,87|0|0|060|2403|2403-3D|0|0|0|0|0|0|0|||0|0|0|70|0|0|||0|70|0|0|||0|1.1.2.1.0001|
|C100|0|1|SP4935166000150|55|00|1|448474|35201104935166000150550010004484741185639773|13112020|30112020|487,22|1|0|0|487,22|1|0|0|0|0|0|0|0|0|1,71|7,89|0|0|
|C170|3|20.2P0145856A||1|UN|103,85|0|0|060|2403|2403-3D|0|0|0|0|0|0|0|||0|0|0|50|103,85|1,65|||1,71|50|103,85|7,6|||7,89|1.1.2.1.0001|
|C170|2|20.JS91674||3|UN|357,06|0|0|060|2403|2403-3D|0|0|0|0|0|0|0|||0|0|0|70|0|0|||0|70|0|0|||0|1.1.2.1.0001|
|C170|1|20.JS51428||2|UN|26,31|0|0|060|2403|2403-3D|0|0|0|0|0|0|0|||0|0|0|70|0|0|||0|70|0|0|||0|1.1.2.1.0001|
|C100|0|1|SP54625819002893|55|00|9|711257|35201054625819002893550090007112571647930464|20102020|05112020|3046,79|1|0|0|3046,79|0|0|0|0|0|0|0|0|0|1,08|4,96|0|0|
|C170|7|20.2R0311297A||2|UN|621,67|0|0|560|2403|2403-3D|0|0|0|0|0|0|0|||0|0|0|70|0|0|||0|70|0|0|||0|1.1.2.1.0001|
|C170|4|20.2R0311189A||1|UN|65,31|0|0|060|2403|2403-3D|0|0|0|0|0|0|0|||0|0|0|50|65,31|1,65|||1,08|50|65,31|7,6|||4,96|1.1.2.1.0001|
|C170|1|20.JS30748||1|UN|215,29|0|0|560|2403|2403-3D|0|0|0|0|0|0|0|||0|0|0|70|0|0|||0|70|0|0|||0|1.1.2.1.0001|
|C170|2|20.2R0311580A||12|UN|357,92|0|0|060|2403|2403-3D|0|0|0|0|0|0|0|||0|0|0|70|0|0|||0|70|0|0|||0|1.1.2.1.0001|
|C170|5|20.JS30762||1|UN|384,83|0|0|060|2403|2403-3D|0|0|0|0|0|0|0|||0|0|0|70|0|0|||0|70|0|0|||0|1.1.2.1.0001|
|C170|6|20.2P0311269||3|UN|842,53|0|0|560|2403|2403-3D|0|0|0|0|0|0|0|||0|0|0|70|0|0|||0|70|0|0|||0|1.1.2.1.0001|
|C170|3|20.2P0311309||1|UN|559,24|0|0|060|2403|2403-3D|0|0|0|0|0|0|0|||0|0|0|70|0|0|||0|70|0|0|||0|1.1.2.1.0001|
|C010|04185877000740|2|
|C100|0|1|BA22654108000130|55|00|5|144592|29201122654108000130550050001445921397148620|11112020|11112020|267,96|1|40,04|0|308|1|0|0|0|0|0|0|0|0|4,42|20,36|0|0|
|C170|1|105.JS10408||1|UN|308|40,04|0|060|1403|1403-3H|0|0|0|0|0|0|0|||0|0|0|50|267,96|1,65|||4,42|50|267,96|7,6|||20,36|1.1.2.1.0001|
|C100|0|1|BA3556257000465|55|00|5|35579|29201103556257000465550050000355791005937059|27112020|27112020|94,86|1|0|0|94,86|0|0|0|0|0|0|0|0|0|1,11|5,13|0|0|
|C170|2|105.T71953513A||1|UN|27,34|0|0|060|1403|1403-3H|0|0|0|0|0|0|0|||0|0|0|70|0|0|||0|70|0|0|||0|1.1.2.1.0001|
|C170|1|105.JS90678||2|UN|67,52|0|0|060|1403|1403-3H|0|0|0|0|0|0|0|||0|0|0|50|67,52|1,65|||1,11|50|67,52|7,6|||5,13|1.1.2.1.0001|
|C100|0|1|MA19336980000126|55|00|2|1276|21201019336980000126550020000012761974403336|01102020|03112020|540|1|0|0|420|0|120|0|0|540|64,8|0|0|0|6,93|31,92|0|0|
|C110|3|Dev. Nf(s): 412939-1 17/09/2020 R$540,00.|
|C170|1|2.2R2898870||4|UN|420|0|0|000|2411|2411-3H|540|12|64,8|0|0|0|0|||0|0|0|50|420|1,65|||6,93|50|420|7,6|||31,92|1.1.2.1.0001|
|C100|0|1|SP4125812000700|55|00|1|1358410|35201104125812000700550010013584101129997648|13112020|16112020|1405,89|1|0|0|1405,89|1|0|0|0|0|0|0|0|0|1,27|5,84|0|0|
|C170|1|105.2R0953513A999||10|UN|307,36|0|0|060|2403|2403-3H|0|0|0|0|0|0|0|||0|0|0|70|0|0|||0|70|0|0|||0|1.1.2.1.0001|
|C170|4|105.2U2311807B||1|UN|971,74|0|0|560|2403|2403-3H|0|0|0|0|0|0|0|||0|0|0|70|0|0|||0|70|0|0|||0|1.1.2.1.0001|
|C170|2|105.T75721173A||30|UN|76,84|0|0|060|2403|2403-3H|0|0|0|0|0|0|0|||0|0|0|50|76,84|1,65|||1,27|50|76,84|7,6|||5,84|1.1.2.1.0001|
|C170|3|105.2RD721263||3|UN|49,95|0|0|060|2403|2403-3H|0|0|0|0|0|0|0|||0|0|0|70|0|0|||0|70|0|0|||0|1.1.2.1.0001|
|C100|0|1|SP416170000151|55|00|1|785208|35201000416170000151550010007852081202120124|27102020|05112020|8692,04|1|0|0|8692,04|0|0|0|0|0|0|0|0|0|1,55|7,14|0|0|
|C170|3|20.2T2721261||4|UN|1374,19|0|0|560|2403|2403-3H|0|0|0|0|0|0|0|||0|0|0|70|0|0|||0|70|0|0|||0|1.1.2.1.0001|
|C170|4|20.2VC145605||2|UN|3475,05|0|0|560|2403|2403-3H|0|0|0|0|0|0|0|||0|0|0|70|0|0|||0|70|0|0|||0|1.1.2.1.0001|
|C170|1|20.2Z0100759C||1|UN|1507,67|0|0|060|2403|2403-3H|0|0|0|0|0|0|0|||0|0|0|70|0|0|||0|70|0|0|||0|1.1.2.1.0001|
|C170|6|20.2S2721405||2|UN|1089,06|0|0|060|2403|2403-3H|0|0|0|0|0|0|0|||0|0|0|70|0|0|||0|70|0|0|||0|1.1.2.1.0001|
|C170|5|20.TJG607410A||2|UN|93,98|0|0|560|2403|2403-3H|0|0|0|0|0|0|0|||0|0|0|50|93,98|1,65|||1,55|50|93,98|7,6|||7,14|1.1.2.1.0001|
|C170|2|1.020742000||1|UN|1152,09|0|0|560|2403|2403-3H|0|0|0|0|0|0|0|||0|0|0|70|0|0|||0|70|0|0|||0|1.1.2.1.0001|
|C100|0|1|SP416170000151|55|00|1|787095|35201100416170000151550010007870951604136510|06112020|17112020|1666,28|1|0|0|1666,28|0|0|0|0|0|0|0|0|0|4,18|19,25|0|0|
|C170|2|20.2RG198301B||6|UN|620,77|0|0|560|2403|2403-3H|0|0|0|0|0|0|0|||0|0|0|70|0|0|||0|70|0|0|||0|1.1.2.1.0001|
|C170|4|20.TAG607271||2|UN|253,3|0|0|560|2403|2403-3H|0|0|0|0|0|0|0|||0|0|0|50|253,3|1,65|||4,18|50|253,3|7,6|||19,25|1.1.2.1.0001|
|C170|1|20.2R2607403||1|UN|468,39|0|0|560|2403|2403-3H|0|0|0|0|0|0|0|||0|0|0|70|0|0|||0|70|0|0|||0|1.1.2.1.0001|
|C170|3|20.2VC698415||8|UN|323,82|0|0|560|2403|2403-3H|0|0|0|0|0|0|0|||0|0|0|70|0|0|||0|70|0|0|||0|1.1.2.1.0001|
|C100|0|1|SP68857085000162|55|00|1|925590|35201168857085000162550010009255901109367870|13112020|24112020|1640,98|1|0|0|1640,98|1|0|0|0|0|0|0|0|0|0,05|0,23|0|0|
|C170|6|20.07W115537H||1|UN|172,23|0|0|060|2403|2403-3H|0|0|0|0|0|0|0|||0|0|0|70|0|0|||0|70|0|0|||0|1.1.2.1.0001|
|C170|1|20.TL7525267AF||2|UN|130,27|0|0|060|2403|2403-3H|0|0|0|0|0|0|0|||0|0|0|70|0|0|||0|70|0|0|||0|1.1.2.1.0001|
|C170|4|20.2R2721507||1|UN|435,24|0|0|260|2403|2403-3H|0|0|0|0|0|0|0|||0|0|0|70|0|0|||0|70|0|0|||0|1.1.2.1.0001|
|C170|2|20.2S2971771||2|UN|211,79|0|0|060|2403|2403-3H|0|0|0|0|0|0|0|||0|0|0|70|0|0|||0|70|0|0|||0|1.1.2.1.0001|
|C170|5|1.2P0837565||1|UN|3,01|0|0|060|2403|2403-3H|0|0|0|0|0|0|0|||0|0|0|50|3,01|1,65|||0,05|50|3,01|7,6|||0,23|1.1.2.1.0001|
|C170|8|20.2S2121051H||2|UN|455,92|0|0|060|2403|2403-3H|0|0|0|0|0|0|0|||0|0|0|70|0|0|||0|70|0|0|||0|1.1.2.1.0001|
|C170|3|20.2S2906048||2|UN|124,46|0|0|060|2403|2403-3H|0|0|0|0|0|0|0|||0|0|0|70|0|0|||0|70|0|0|||0|1.1.2.1.0001|
|C170|7|20.TL7525267||2|UN|108,06|0|0|060|2403|2403-3H|0|0|0|0|0|0|0|||0|0|0|70|0|0|||0|70|0|0|||0|1.1.2.1.0001|
|C100|0|1|SP841654000148|55|00|2|236849|35201000841654000148550020002368491810874560|30102020|17112020|4788,11|1|0|0|4788,11|1|0|0|0|0|0|0|0|0|51,47|237,08|0|0|
|C170|3|1.TJG121115||10|UN|405,04|0|0|060|2403|2403-3H|0|0|0|0|0|0|0|||0|0|0|50|405,04|1,65|||6,68|50|405,04|7,6|||30,78|1.1.2.1.0001|
|C170|7|20.JS12831||5|UN|703,91|0|0|060|2403|2403-3H|0|0|0|0|0|0|0|||0|0|0|70|0|0|||0|70|0|0|||0|1.1.2.1.0001|
|C170|2|1.2RP121073A||10|UN|597,58|0|0|060|2403|2403-3H|0|0|0|0|0|0|0|||0|0|0|70|0|0|||0|70|0|0|||0|1.1.2.1.0001|
|C170|5|1.TRA145743||10|UN|53,8|0|0|060|2403|2403-3H|0|0|0|0|0|0|0|||0|0|0|50|53,8|1,65|||0,89|50|53,8|7,6|||4,09|1.1.2.1.0001|
|C170|8|1.TJG121073||10|UN|367,1|0|0|060|2403|2403-3H|0|0|0|0|0|0|0|||0|0|0|70|0|0|||0|70|0|0|||0|1.1.2.1.0001|
|C170|1|1.2SN121073A||10|UN|658,88|0|0|060|2403|2403-3H|0|0|0|0|0|0|0|||0|0|0|50|658,88|1,65|||10,87|50|658,88|7,6|||50,07|1.1.2.1.0001|
|C170|6|1.2TA117247||5|UN|124,02|0|0|060|2403|2403-3H|0|0|0|0|0|0|0|||0|0|0|50|124,02|1,65|||2,05|50|124,02|7,6|||9,43|1.1.2.1.0001|
|C170|4|1.2U0117413||5|UN|1877,78|0|0|060|2403|2403-3H|0|0|0|0|0|0|0|||0|0|0|50|1877,78|1,65|||30,98|50|1877,78|7,6|||142,71|1.1.2.1.0001|
|C010|04185877000821|2|
|C100|0|1|CE61490561007628|55|00|11|114088|23201161490561007628550110001140881953295316|03112020|03112020|468,6|1|0|0|468,6|0|0|0|0|0|0|0|0|0|7,73|35,61|0|0|
|C170|1|105.TF3105259||1|UN|468,6|0|0|060|1403|1403-3E|0|0|0|0|0|0|0|||0|0|0|50|468,6|1,65|||7,73|50|468,6|7,6|||35,61|1.1.2.1.0001|
|C100|0|1|CE61490561007628|55|00|11|114226|23201161490561007628550110001142261736160119|06112020|07112020|151,98|1|0|0|148,98|0|3|0|0|0|0|0|0|0|0,85|3,94|0|0|
|C170|2|105.2VB721405||1|UN|97,2|0|0|060|1403|1403-3E|0|0|0|0|0|0|0|||0|0|0|70|0|0|||0|70|0|0|||0|1.1.2.1.0001|
|C170|1|105.2RR312023||1|UN|51,78|0|0|060|1403|1403-3E|0|0|0|0|0|0|0|||0|0|0|50|51,78|1,65|||0,85|50|51,78|7,6|||3,94|1.1.2.1.0001|
|C100|0|1|CE7173317000179|55|00|1|674289|23201107173317000179550010006742891773117534|06112020|06112020|257,69|1|0|0|257,69|0|0|0|0|0|0|0|0|0|0,73|3,37|0|0|
|C170|1|105.3865288282||1|UN|44,31|0|0|060|1403|1403-3E|0|0|0|0|0|0|0|||0|0|0|50|44,31|1,65|||0,73|50|44,31|7,6|||3,37|1.1.2.1.0001|
|C170|2|105.3605040012||2|UN|213,38|0|0|060|1403|1403-3E|0|0|0|0|0|0|0|||0|0|0|70|0|0|||0|70|0|0|||0|1.1.2.1.0001|
|C100|0|1|CE7221070000119|55|00|1|2685598|23201107221070000119550010026855981855333300|24112020|24112020|473,51|1|0|0|473,51|0|0|0|0|0|0|0|0|0|7,81|35,99|0|0|
|C170|1|105.2VF607357||1|UN|473,51|0|0|560|1403|1403-3E|0|0|0|0|0|0|0|||0|0|0|50|473,51|1,65|||7,81|50|473,51|7,6|||35,99|1.1.2.1.0001|
|C100|0|1|CE7221070000119|55|00|1|2685630|23201107221070000119550010026856301442078023|24112020|24112020|226,8|1|0|0|226,8|0|0|0|0|0|0|0|0|0|0,37|1,7|0|0|
|C170|3|105.JS40539||1|UN|54,4|0|0|060|1403|1403-3E|0|0|0|0|0|0|0|||0|0|0|70|0|0|||0|70|0|0|||0|1.1.2.1.0001|
|C170|2|105.JS40129||2|UN|55,64|0|0|060|1403|1403-3E|0|0|0|0|0|0|0|||0|0|0|70|0|0|||0|70|0|0|||0|1.1.2.1.0001|
|C170|5|105.JS40343||2|UN|22,34|0|0|060|1403|1403-3E|0|0|0|0|0|0|0|||0|0|0|50|22,34|1,65|||0,37|50|22,34|7,6|||1,7|1.1.2.1.0001|
|C170|4|105.JS40538||1|UN|54,4|0|0|060|1403|1403-3E|0|0|0|0|0|0|0|||0|0|0|70|0|0|||0|70|0|0|||0|1.1.2.1.0001|
|C170|1|105.JS40596||1|UN|40,02|0|0|060|1403|1403-3E|0|0|0|0|0|0|0|||0|0|0|70|0|0|||0|70|0|0|||0|1.1.2.1.0001|
|C100|0|1|CE7965809000520|55|00|1|4649608|23201107965809000520550010046496081215532434|04112020|05112020|114,75|1|0|0|114,75|1|0|0|0|0|0|0|0|0|1,89|8,72|0|0|
|C170|1|105.281845121||2|UN|114,75|0|0|060|1403|1403-3E|0|0|0|0|0|0|0|||0|0|0|50|114,75|1,65|||1,89|50|114,75|7,6|||8,72|1.1.2.1.0001|
|C100|0|1|SP28419262000104|55|00|1|4444|35201028419262000104550010000044441291787378|21102020|05112020|472,42|1|0|0|472,42|1|0|0|0|0|0|0|0|0|3,37|15,51|0|0|
|C170|2|2.2RR607423||1|UN|204,09|0|0|860|2403|2403-3E|0|0|0|0|0|0|0|||0|0|0|50|204,09|1,65|||3,37|50|204,09|7,6|||15,51|1.1.2.1.0001|
|C170|1|2.TJG607357C||1|UN|268,33|0|0|860|2403|2403-3E|0|0|0|0|0|0|0|||0|0|0|70|0|0|||0|70|0|0|||0|1.1.2.1.0001|
|C100|0|1|SP4125812000700|55|00|1|1355414|35201104125812000700550010013554141073257747|06112020|09112020|287,53|1|0|0|287,53|1|0|0|0|0|0|0|0|0|2,76|12,73|0|0|
|C170|2|105.2T2121101G||1|UN|167,53|0|0|060|2403|2403-3E|0|0|0|0|0|0|0|||0|0|0|50|167,53|1,65|||2,76|50|167,53|7,6|||12,73|1.1.2.1.0001|
|C170|1|105.2T2919457B||2|UN|120|0|0|360|2403|2403-3E|0|0|0|0|0|0|0|||0|0|0|70|0|0|||0|70|0|0|||0|1.1.2.1.0001|
|C100|0|1|SP416170000151|55|00|1|784406|35201000416170000151550010007844061201563075|22102020|09112020|6745,5|1|0|0|6745,5|0|0|0|0|0|0|0|0|0|7,83|36,09|0|0|
|C170|7|20.2RG198301D||1|UN|299,82|0|0|560|2403|2403-3E|0|0|0|0|0|0|0|||0|0|0|70|0|0|||0|70|0|0|||0|1.1.2.1.0001|
|C170|8|1.2V5721261B||1|UN|3690,99|0|0|260|2403|2403-3E|0|0|0|0|0|0|0|||0|0|0|70|0|0|||0|70|0|0|||0|1.1.2.1.0001|
|C170|2|20.TJG607337||2|UN|192,91|0|0|560|2403|2403-3E|0|0|0|0|0|0|0|||0|0|0|50|192,91|1,65|||3,18|50|192,91|7,6|||14,66|1.1.2.1.0001|
|C170|5|20.TJG607410A||6|UN|281,92|0|0|560|2403|2403-3E|0|0|0|0|0|0|0|||0|0|0|50|281,92|1,65|||4,65|50|281,92|7,6|||21,43|1.1.2.1.0001|
|C170|9|20.2RG145515||2|UN|331,89|0|0|560|2403|2403-3E|0|0|0|0|0|0|0|||0|0|0|70|0|0|||0|70|0|0|||0|1.1.2.1.0001|
|C170|3|20.T11698555||2|UN|109,84|0|0|560|2403|2403-3E|0|0|0|0|0|0|0|||0|0|0|70|0|0|||0|70|0|0|||0|1.1.2.1.0001|
|C170|4|1.2Z0607262B||4|UN|746,52|0|0|060|2403|2403-3E|0|0|0|0|0|0|0|||0|0|0|70|0|0|||0|70|0|0|||0|1.1.2.1.0001|
|C170|1|20.2TJ198301A||6|UN|423,17|0|0|560|2403|2403-3E|0|0|0|0|0|0|0|||0|0|0|70|0|0|||0|70|0|0|||0|1.1.2.1.0001|
|C170|6|20.2RG198301B||6|UN|572,95|0|0|560|2403|2403-3E|0|0|0|0|0|0|0|||0|0|0|70|0|0|||0|70|0|0|||0|1.1.2.1.0001|
|C170|10|20.2RG198301B||1|UN|95,49|0|0|560|2403|2403-3E|0|0|0|0|0|0|0|||0|0|0|70|0|0|||0|70|0|0|||0|1.1.2.1.0001|
|C100|0|1|SP416170000151|55|00|1|785737|35201000416170000151550010007857371394501066|29102020|13112020|2191,34|1|0|0|2191,34|0|0|0|0|0|0|0|0|0|4,77|21,99|0|0|
|C170|1|20.2S2721261||3|UN|950,99|0|0|560|2403|2403-3E|0|0|0|0|0|0|0|||0|0|0|70|0|0|||0|70|0|0|||0|1.1.2.1.0001|
|C170|2|20.2S2721261||3|UN|950,99|0|0|560|2403|2403-3E|0|0|0|0|0|0|0|||0|0|0|70|0|0|||0|70|0|0|||0|1.1.2.1.0001|
|C170|3|20.TJG607337||3|UN|289,36|0|0|560|2403|2403-3E|0|0|0|0|0|0|0|||0|0|0|50|289,36|1,65|||4,77|50|289,36|7,6|||21,99|1.1.2.1.0001|
|C100|0|1|SP4935166000150|55|00|1|447809|35201104935166000150550010004478091319085130|06112020|09112020|649,04|1|0|0|649,04|1|0|0|0|0|0|0|0|0|2,33|10,72|0|0|
|C170|2|105.2RH145473||1|UN|507,98|0|0|060|2403|2403-3E|0|0|0|0|0|0|0|||0|0|0|70|0|0|||0|70|0|0|||0|1.1.2.1.0001|
|C170|1|105.2W0117413A||1|UN|141,06|0|0|060|2403|2403-3E|0|0|0|0|0|0|0|||0|0|0|50|141,06|1,65|||2,33|50|141,06|7,6|||10,72|1.1.2.1.0001|
|C100|0|1|SP54625819002893|55|00|9|723106|35201154625819002893550090007231061056747716|11112020|23112020|444,54|1|0|0|444,54|0|0|0|0|0|0|0|0|0|7,33|33,79|0|0|
|C170|1|20.2R0311189A||7|UN|444,54|0|0|060|2403|2403-3E|0|0|0|0|0|0|0|||0|0|0|50|444,54|1,65|||7,33|50|444,54|7,6|||33,79|1.1.2.1.0001|
|C100|0|1|SP54625819002893|55|00|9|726842|35201154625819002893550090007268421041909144|18112020|27112020|2336,62|1|0|0|2336,62|0|0|0|0|0|0|0|0|0|2,46|11,33|0|0|
|C170|2|20.2RD312023||5|UN|149,11|0|0|060|2403|2403-3E|0|0|0|0|0|0|0|||0|0|0|50|149,11|1,65|||2,46|50|149,11|7,6|||11,33|1.1.2.1.0001|
|C170|3|20.JS30372||2|UN|1371,95|0|0|060|2403|2403-3E|0|0|0|0|0|0|0|||0|0|0|70|0|0|||0|70|0|0|||0|1.1.2.1.0001|
|C170|1|20.2P0311143||1|UN|815,56|0|0|060|2403|2403-3E|0|0|0|0|0|0|0|||0|0|0|70|0|0|||0|70|0|0|||0|1.1.2.1.0001|
|C100|0|1|SP68857085000162|55|00|1|926585|35201168857085000162550010009265851109378052|17112020|27112020|735,75|1|0|0|735,75|1|0|0|0|0|0|0|0|0|12,14|55,92|0|0|
|C170|1|20.2VB863711||1|UN|735,75|0|0|060|2403|2403-3E|0|0|0|0|0|0|0|||0|0|0|50|735,75|1,65|||12,14|50|735,75|7,6|||55,92|1.1.2.1.0001|
|C010|04185877000902|2|
|C100|0|1|RN3538129000146|55|00|2|9450|24201103538129000146550020000094501081450212|24112020|25112020|665|1|0|0|665|0|0|0|0|665|119,7|0|0|0|8,42|38,76|0|0|
|C110|25|Dev. Nf(s): 186786-1 18/11/2020 R$665,00.|
|C170|2|20.2RH117241||1|UN|510|0|0|000|1202|1202-1C|510|18|91,8|0|0|0|0|||0|0|0|50|510|1,65|||8,42|50|510|7,6|||38,76|1.1.2.1.0001|
|C170|1|1.2RK121303||1|UN|155|0|0|000|1202|1202-1C|155|18|27,9|0|0|0|0|||0|0|0|70|0|0|||0|70|0|0|||0|1.1.2.1.0001|
|C100|0|1|RN8453698000102|55|00|1|135047|24201108453698000102550010001350471001818510|27112020|28112020|15|1|0|0|15|9|0|0|0|15|2,7|0|0|0|0,25|1,14|0|0|
|C170|1|105.2R0311189A||1|UN|15|0|0|000|1102|1102-1C|15|18|2,7|0|0|0|0|||0|0|0|50|15|1,65|||0,25|50|15|7,6|||1,14|1.1.2.1.0001|
|C100|0|1|SP416170000151|55|00|1|784521|35201000416170000151550010007845211072246372|22102020|03112020|1617,69|1|0|0|1617,69|0|0|0|0|0|0|0|0|0|2,33|10,71|0|0|
|C170|4|20.2RG145515||1|UN|140|0|0|560|2403|2403-3C|0|0|0|0|0|0|0|||0|0|0|70|0|0|||0|70|0|0|||0|1.1.2.1.0001|
|C170|3|20.2RD607345||12|UN|105,59|0|0|560|2403|2403-3C|0|0|0|0|0|0|0|||0|0|0|70|0|0|||0|70|0|0|||0|1.1.2.1.0001|
|C170|1|20.2VD607357||3|UN|1231,13|0|0|560|2403|2403-3C|0|0|0|0|0|0|0|||0|0|0|70|0|0|||0|70|0|0|||0|1.1.2.1.0001|
|C170|2|20.TJG607410A||3|UN|140,97|0|0|560|2403|2403-3C|0|0|0|0|0|0|0|||0|0|0|50|140,97|1,65|||2,33|50|140,97|7,6|||10,71|1.1.2.1.0001|
|C100|0|1|SP416170000151|55|00|1|789969|35201100416170000151550010007899691940436077|19112020|30112020|3805,55|1|0|0|3805,55|0|0|0|0|2971,47|208,01|0|0|0|4,56|20,99|0|0|
|C170|3|20.TNR607316||6|UN|276,12|0|0|500|2102|2102-1C|262,97|7|18,41|0|0|0|0|||0|0|0|50|276,12|1,65|||4,56|50|276,12|7,6|||20,99|1.1.2.1.0001|
|C170|2|20.2R0100759A||3|UN|3015,29|0|0|520|2102|2102-1C|2214,13|7|154,99|0|0|0|0|||0|0|0|70|0|0|||0|70|0|0|||0|1.1.2.1.0001|
|C170|1|20.2R2721257||1|UN|514,14|0|0|500|2102|2102-1C|494,37|7|34,61|0|0|0|0|||0|0|0|70|0|0|||0|70|0|0|||0|1.1.2.1.0001|
|C010|04185877001208|2|
|C100|0|1|PE11623920000263|55|00|1|87370|26201111623920000263550010000873701100863650|19112020|20112020|380,22|1|0|0|380,22|1|0|0|0|0|0|0|0|0|6,27|28,89|0|0|
|C170|1|20.2T0821119||2|UN|140,72|0|0|060|2403|2403-3M|0|0|0|0|0|0|0|||0|0|0|50|140,72|1,65|||2,32|50|140,72|7,6|||10,69|1.1.2.1.0001|
|C170|2|20.2T0821120||2|UN|239,5|0|0|060|2403|2403-3M|0|0|0|0|0|0|0|||0|0|0|50|239,5|1,65|||3,95|50|239,5|7,6|||18,2|1.1.2.1.0001|
|C100|0|1|SP2162259000326|55|00|1|560550|35201102162259000326550010005605501162030059|12112020|18112020|634,64|1|0|0|620,97|0|12,97|0|0|0|0|0|0|0|0,7|3,23|0|0|
|C170|3|1.2R0115105A||2|UN|381,07|0|0|060|2403|2403-3M|0|0|0|0|0|0|0|||0|0|0|70|0|0|||0|70|0|0|||0|1.1.2.1.0001|
|C170|2|2.03873013||20|UN|42,46|0|0|060|2403|2403-3M|0|0|0|0|0|0|0|||0|0|0|50|42,46|1,65|||0,7|50|42,46|7,6|||3,23|1.1.2.1.0001|
|C170|1|1.2R0115105A||1|UN|197,44|0|0|060|2403|2403-3M|0|0|0|0|0|0|0|||0|0|0|70|0|0|||0|70|0|0|||0|1.1.2.1.0001|
|C100|0|1|SP45967890000143|55|00|2|222526|35201145967890000143550020002225261682940849|03112020|10112020|2723,65|1|0|0|2723,65|0|0|0|0|0|0|0|0|0|0,32|1,49|0|0|
|C170|6|20.JS11027||1|UN|42,02|0|0|060|2403|2403-3M|0|0|0|0|0|0|0|||0|0|0|70|0|0|||0|70|0|0|||0|1.1.2.1.0001|
|C170|10|1.2VG199381||18|UN|713,88|0|0|060|2403|2403-3M|0|0|0|0|0|0|0|||0|0|0|70|0|0|||0|70|0|0|||0|1.1.2.1.0001|
|C170|3|20.T21411045||5|UN|38,67|0|0|060|2403|2403-3M|0|0|0|0|0|0|0|||0|0|0|70|0|0|||0|70|0|0|||0|1.1.2.1.0001|
|C170|1|1.TJG199381||10|UN|339,98|0|0|060|2403|2403-3M|0|0|0|0|0|0|0|||0|0|0|70|0|0|||0|70|0|0|||0|1.1.2.1.0001|
|C170|9|1.TJG899607||16|UN|589,26|0|0|060|2403|2403-3M|0|0|0|0|0|0|0|||0|0|0|70|0|0|||0|70|0|0|||0|1.1.2.1.0001|
|C170|2|3.TEG199381B||1|UN|28,57|0|0|060|2403|2403-3M|0|0|0|0|0|0|0|||0|0|0|70|0|0|||0|70|0|0|||0|1.1.2.1.0001|
|C170|5|2.JS50238||2|UN|19,63|0|0|060|2403|2403-3M|0|0|0|0|0|0|0|||0|0|0|50|19,63|1,65|||0,32|50|19,63|7,6|||1,49|1.1.2.1.0001|
|C170|8|1.TE3521205||1|UN|69,41|0|0|560|2403|2403-3M|0|0|0|0|0|0|0|||0|0|0|70|0|0|||0|70|0|0|||0|1.1.2.1.0001|
|C170|7|1.2RD521205||1|UN|60,76|0|0|560|2403|2403-3M|0|0|0|0|0|0|0|||0|0|0|70|0|0|||0|70|0|0|||0|1.1.2.1.0001|
|C170|4|20.JS80719||15|UN|821,47|0|0|060|2403|2403-3M|0|0|0|0|0|0|0|||0|0|0|70|0|0|||0|70|0|0|||0|1.1.2.1.0001|
|C100|0|1|SP54625819002893|55|00|9|722712|35201154625819002893550090007227121291426474|11112020|18112020|1922,95|1|0|0|1922,95|0|0|0|0|0|0|0|0|0|1,76|8,14|0|0|
|C170|1|20.2P0311269||1|UN|230,36|0|0|560|2403|2403-3M|0|0|0|0|0|0|0|||0|0|0|70|0|0|||0|70|0|0|||0|1.1.2.1.0001|
|C170|2|20.2R0311189A||1|UN|53,49|0|0|060|2403|2403-3M|0|0|0|0|0|0|0|||0|0|0|50|53,49|1,65|||0,88|50|53,49|7,6|||4,07|1.1.2.1.0001|
|C170|5|20.2R0311189A||1|UN|53,49|0|0|060|2403|2403-3M|0|0|0|0|0|0|0|||0|0|0|50|53,49|1,65|||0,88|50|53,49|7,6|||4,07|1.1.2.1.0001|
|C170|6|20.JS30117||1|UN|441,17|0|0|060|2403|2403-3M|0|0|0|0|0|0|0|||0|0|0|70|0|0|||0|70|0|0|||0|1.1.2.1.0001|
|C170|3|20.2RK311145||1|UN|873,94|0|0|060|2403|2403-3M|0|0|0|0|0|0|0|||0|0|0|70|0|0|||0|70|0|0|||0|1.1.2.1.0001|
|C170|7|20.2RD311565||1|UN|212,35|0|0|060|2403|2403-3M|0|0|0|0|0|0|0|||0|0|0|70|0|0|||0|70|0|0|||0|1.1.2.1.0001|
|C170|4|20.2RD311263||1|UN|58,15|0|0|560|2403|2403-3M|0|0|0|0|0|0|0|||0|0|0|70|0|0|||0|70|0|0|||0|1.1.2.1.0001|
|C010|04185877001127|2|
|C100|0|1|SP22762139000105|55|00|2|30794|35201122762139000105550020000307941317017268|12112020|23112020|412,5|1|0|0|412,5|1|0|0|0|0|0|0|0|0|0,34|1,59|0|0|
|C170|1|20.251721363||1|UN|1,31|0|0|060|2403|2403-3J|0|0|0|0|0|0|0|||0|0|0|50|1,31|1,65|||0,02|50|1,31|7,6|||0,1|1.1.2.1.0001|
|C170|2|1.TAP141197||1|UN|19,6|0|0|060|2403|2403-3J|0|0|0|0|0|0|0|||0|0|0|50|19,6|1,65|||0,32|50|19,6|7,6|||1,49|1.1.2.1.0001|
|C170|5|1.TJG899441||4|UN|14,19|0|0|060|2403|2403-3J|0|0|0|0|0|0|0|||0|0|0|70|0|0|||0|70|0|0|||0|1.1.2.1.0001|
|C170|3|3.2VB721507||1|UN|7,05|0|0|060|2403|2403-3J|0|0|0|0|0|0|0|||0|0|0|70|0|0|||0|70|0|0|||0|1.1.2.1.0001|
|C170|4|4.2P0711026||3|UN|11,76|0|0|060|2403|2403-3J|0|0|0|0|0|0|0|||0|0|0|70|0|0|||0|70|0|0|||0|1.1.2.1.0001|
|C170|6|20.TEG105315||20|UN|358,59|0|0|060|2403|2403-3J|0|0|0|0|0|0|0|||0|0|0|70|0|0|||0|70|0|0|||0|1.1.2.1.0001|
|C100|0|1|SP54625819002893|55|00|9|721192|35201154625819002893550090007211921814580841|09112020|20112020|161,44|1|0|0|161,44|0|0|0|0|0|0|0|0|0|2,66|12,27|0|0|
|C170|1|20.2RD312023||5|UN|161,44|0|0|060|2403|2403-3J|0|0|0|0|0|0|0|||0|0|0|50|161,44|1,65|||2,66|50|161,44|7,6|||12,27|1.1.2.1.0001|
|C010|04185877001399|2|
|C100|0|1|MT7018204000441|55|00|1|8688|51201107018204000441550010000086881002233990|18112020|18112020|71,19|1|14,58|0|85,77|9|0|0|0|0|0|0|0|0|1,17|5,41|0|0|
|C170|1|105.2R2898870||2|UN|85,77|14,58|0|060|1403|1403-3B|0|0|0|0|0|0|0|||0|0|0|50|71,19|1,65|||1,17|50|71,19|7,6|||5,41|1.1.2.1.0001|
|C100|0|1|SP416170000151|55|00|1|784345|35201000416170000151550010007843451422684331|22102020|09112020|2956,55|1|0|0|2956,55|0|0|0|0|0|0|0|0|0|1,28|5,89|0|0|
|C170|3|20.2T2721261||1|UN|318,12|0|0|560|2403|2403-3B|0|0|0|0|0|0|0|||0|0|0|70|0|0|||0|70|0|0|||0|1.1.2.1.0001|
|C170|6|20.2RG145515||3|UN|499,38|0|0|560|2403|2403-3B|0|0|0|0|0|0|0|||0|0|0|70|0|0|||0|70|0|0|||0|1.1.2.1.0001|
|C170|1|20.2RG145515||4|UN|665,85|0|0|560|2403|2403-3B|0|0|0|0|0|0|0|||0|0|0|70|0|0|||0|70|0|0|||0|1.1.2.1.0001|
|C170|5|20.TAR607337B||1|UN|77,53|0|0|560|2403|2403-3B|0|0|0|0|0|0|0|||0|0|0|50|77,53|1,65|||1,28|50|77,53|7,6|||5,89|1.1.2.1.0001|
|C170|2|20.2RG145515||2|UN|332,92|0|0|560|2403|2403-3B|0|0|0|0|0|0|0|||0|0|0|70|0|0|||0|70|0|0|||0|1.1.2.1.0001|
|C170|4|20.JS61131||2|UN|459,15|0|0|360|2403|2403-3B|0|0|0|0|0|0|0|||0|0|0|70|0|0|||0|70|0|0|||0|1.1.2.1.0001|
|C170|7|20.2RL607408A||3|UN|603,6|0|0|560|2403|2403-3B|0|0|0|0|0|0|0|||0|0|0|70|0|0|||0|70|0|0|||0|1.1.2.1.0001|
|C100|0|1|SP416170000151|55|00|1|785709|35201000416170000151550010007857091594859202|29102020|11112020|2545,98|1|0|0|2545,98|0|0|0|0|0|0|0|0|0|4,84|22,29|0|0|
|C170|3|20.JS10846||1|UN|1912,71|0|0|560|2403|2403-3B|0|0|0|0|0|0|0|||0|0|0|70|0|0|||0|70|0|0|||0|1.1.2.1.0001|
|C170|1|20.TAR607410A||6|UN|293,27|0|0|560|2403|2403-3B|0|0|0|0|0|0|0|||0|0|0|50|293,27|1,65|||4,84|50|293,27|7,6|||22,29|1.1.2.1.0001|
|C170|2|20.2T0198389||3|UN|340|0|0|560|2403|2403-3B|0|0|0|0|0|0|0|||0|0|0|70|0|0|||0|70|0|0|||0|1.1.2.1.0001|
|C100|0|1|SP54625819002893|55|00|9|711472|35201054625819002893550090007114721542735111|20102020|10112020|1715,89|1|0|0|1715,89|0|0|0|0|0|0|0|0|0|3,15|14,52|0|0|
|C170|4|20.2R0311549||1|UN|429,66|0|0|060|2403|2403-3B|0|0|0|0|0|0|0|||0|0|0|70|0|0|||0|70|0|0|||0|1.1.2.1.0001|
|C170|2|20.2RD311291A||2|UN|113,43|0|0|060|2403|2403-3B|0|0|0|0|0|0|0|||0|0|0|70|0|0|||0|70|0|0|||0|1.1.2.1.0001|
|C170|5|20.2RD311273B||1|UN|433,89|0|0|560|2403|2403-3B|0|0|0|0|0|0|0|||0|0|0|70|0|0|||0|70|0|0|||0|1.1.2.1.0001|
|C170|1|20.2R0311189A||3|UN|191,11|0|0|060|2403|2403-3B|0|0|0|0|0|0|0|||0|0|0|50|191,11|1,65|||3,15|50|191,11|7,6|||14,52|1.1.2.1.0001|
|C170|3|20.2P0311269||2|UN|547,8|0|0|560|2403|2403-3B|0|0|0|0|0|0|0|||0|0|0|70|0|0|||0|70|0|0|||0|1.1.2.1.0001|
|C100|0|1|SP54625819002893|55|00|9|714889|35201054625819002893550090007148891729895042|26102020|10112020|213,41|1|0|0|213,41|0|0|0|0|0|0|0|0|0|2,47|11,37|0|0|
|C170|1|20.2RD312023||5|UN|149,56|0|0|060|2403|2403-3B|0|0|0|0|0|0|0|||0|0|0|50|149,56|1,65|||2,47|50|149,56|7,6|||11,37|1.1.2.1.0001|
|C170|2|20.2RD398015||1|UN|63,85|0|0|060|2403|2403-3B|0|0|0|0|0|0|0|||0|0|0|70|0|0|||0|70|0|0|||0|1.1.2.1.0001|
|C100|0|1|SP54625819002893|55|00|9|722713|35201154625819002893550090007227131851927691|11112020|26112020|534,31|1|0|0|534,31|0|0|0|0|0|0|0|0|0|2,1|9,68|0|0|
|C170|4|20.2R0399109||12|UN|340,25|0|0|060|2403|2403-3B|0|0|0|0|0|0|0|||0|0|0|70|0|0|||0|70|0|0|||0|1.1.2.1.0001|
|C170|3|20.2R0311189A||1|UN|63,69|0|0|060|2403|2403-3B|0|0|0|0|0|0|0|||0|0|0|50|63,69|1,65|||1,05|50|63,69|7,6|||4,84|1.1.2.1.0001|
|C170|2|20.JS30790||1|UN|66,68|0|0|060|2403|2403-3B|0|0|0|0|0|0|0|||0|0|0|70|0|0|||0|70|0|0|||0|1.1.2.1.0001|
|C170|1|20.2R0311189A||1|UN|63,69|0|0|060|2403|2403-3B|0|0|0|0|0|0|0|||0|0|0|50|63,69|1,65|||1,05|50|63,69|7,6|||4,84|1.1.2.1.0001|
|C010|04185877001631|2|
|C100|0|1|SP28419262000104|55|00|1|4456|35201028419262000104550010000044561654985895|23102020|09112020|682,64|1|0|0|682,64|1|0|0|0|0|0|0|0|0|3,37|15,51|0|0|
|C170|1|2.2RR607423||1|UN|204,09|0|0|860|2403|2403-3E|0|0|0|0|0|0|0|||0|0|0|50|204,09|1,65|||3,37|50|204,09|7,6|||15,51|1.1.2.1.0001|
|C170|2|2.2T2607355||1|UN|210,22|0|0|860|2403|2403-3E|0|0|0|0|0|0|0|||0|0|0|70|0|0|||0|70|0|0|||0|1.1.2.1.0001|
|C170|3|2.TJG607357C||1|UN|268,33|0|0|860|2403|2403-3E|0|0|0|0|0|0|0|||0|0|0|70|0|0|||0|70|0|0|||0|1.1.2.1.0001|
|C100|0|1|SP416170000151|55|00|1|785790|35201000416170000151550010007857901704465892|29102020|10112020|1580,52|1|0|0|1580,52|0|0|0|0|0|0|0|0|0|4,65|21,43|0|0|
|C170|3|20.2RG145515||2|UN|331,89|0|0|560|2403|2403-3E|0|0|0|0|0|0|0|||0|0|0|70|0|0|||0|70|0|0|||0|1.1.2.1.0001|
|C170|4|20.2RG145515||1|UN|165,95|0|0|560|2403|2403-3E|0|0|0|0|0|0|0|||0|0|0|70|0|0|||0|70|0|0|||0|1.1.2.1.0001|
|C170|1|20.2R2798435||1|UN|166,75|0|0|560|2403|2403-3E|0|0|0|0|0|0|0|||0|0|0|70|0|0|||0|70|0|0|||0|1.1.2.1.0001|
|C170|5|20.TJG607410A||6|UN|281,92|0|0|560|2403|2403-3E|0|0|0|0|0|0|0|||0|0|0|50|281,92|1,65|||4,65|50|281,92|7,6|||21,43|1.1.2.1.0001|
|C170|2|20.2S2721261||2|UN|634,01|0|0|560|2403|2403-3E|0|0|0|0|0|0|0|||0|0|0|70|0|0|||0|70|0|0|||0|1.1.2.1.0001|
|C010|04185877001984|2|
|C100|0|1|SP416170000151|55|00|1|784390|35201000416170000151550010007843901161242956|22102020|05112020|2747,5|1|0|0|2747,5|0|0|0|0|0|0|0|0|0|3,1|14,28|0|0|
|C170|1|20.2TJ198301A||1|UN|76,41|0|0|560|2403|2403-3H|0|0|0|0|0|0|0|||0|0|0|70|0|0|||0|70|0|0|||0|1.1.2.1.0001|
|C170|2|20.2TJ198301A||3|UN|229,25|0|0|560|2403|2403-3H|0|0|0|0|0|0|0|||0|0|0|70|0|0|||0|70|0|0|||0|1.1.2.1.0001|
|C170|5|20.2RP698805||3|UN|330,57|0|0|560|2403|2403-3H|0|0|0|0|0|0|0|||0|0|0|70|0|0|||0|70|0|0|||0|1.1.2.1.0001|
|C170|6|20.2RG145515||2|UN|359,52|0|0|560|2403|2403-3H|0|0|0|0|0|0|0|||0|0|0|70|0|0|||0|70|0|0|||0|1.1.2.1.0001|
|C170|3|1.JS12973||1|UN|1563,8|0|0|060|2403|2403-3H|0|0|0|0|0|0|0|||0|0|0|70|0|0|||0|70|0|0|||0|1.1.2.1.0001|
|C170|4|20.TJG607410A||4|UN|187,95|0|0|560|2403|2403-3H|0|0|0|0|0|0|0|||0|0|0|50|187,95|1,65|||3,1|50|187,95|7,6|||14,28|1.1.2.1.0001|
|C100|0|1|SP54625819002893|55|00|9|711488|35201054625819002893550090007114881994470469|20102020|10112020|130,03|1|0|0|130,03|0|0|0|0|0|0|0|0|0|1,13|5,23|0|0|
|C170|1|20.2RD311291A||1|UN|61,25|0|0|060|2403|2403-3H|0|0|0|0|0|0|0|||0|0|0|70|0|0|||0|70|0|0|||0|1.1.2.1.0001|
|C170|2|20.2R0311189A||1|UN|68,78|0|0|060|2403|2403-3H|0|0|0|0|0|0|0|||0|0|0|50|68,78|1,65|||1,13|50|68,78|7,6|||5,23|1.1.2.1.0001|
|C100|0|1|SP9341907000199|55|00|1|227438|35201009341907000199550010002274381580433330|30102020|14112020|2562,69|1|0|0|2562,69|0|0|0|0|0|0|0|0|0|27,78|127,93|0|0|
|C170|3|1.JS60316||2|UN|534,33|0|0|560|2403|2403-3H|0|0|0|0|0|0|0|||0|0|0|70|0|0|||0|70|0|0|||0|1.1.2.1.0001|
|C170|2|1.JS68141||1|UN|345,01|0|0|060|2403|2403-3H|0|0|0|0|0|0|0|||0|0|0|70|0|0|||0|70|0|0|||0|1.1.2.1.0001|
|C170|1|1.JS60912||1|UN|1683,35|0|0|260|2403|2403-3H|0|0|0|0|0|0|0|||0|0|0|50|1683,35|1,65|||27,78|50|1683,35|7,6|||127,93|1.1.2.1.0001|
|C010|04185877002018|2|
|C100|0|1|SP4125812000700|55|06|1|1360358|35201104125812000700550010013603581185765787|18112020|26112020|12,43|1|0|0|24,86|0|0|0|0|0|0|0|0|0|0,12|0,55|0|0|
|C170|3|20.2SS857532||1|UN|8,8|0|0|090|2403|2403-3Y|0|0|0|0|0|0|0|||0|0|0|70|0|0|||0|70|0|0|||0|1.1.2.1.0001|
|C170|2|20.2SS857531||1|UN|8,82|0|0|090|2403|2403-3Y|0|0|0|0|0|0|0|||0|0|0|70|0|0|||0|70|0|0|||0|1.1.2.1.0001|
|C170|1|2.2S0198049A||1|UN|7,24|0|0|090|2403|2403-3Y|0|0|0|0|0|0|0|||0|0|0|50|7,24|1,65|||0,12|50|7,24|7,6|||0,55|1.1.2.1.0001|
|C100|0|1|SP416170000151|55|00|1|784656|35201000416170000151550010007846561786360150|23102020|04112020|5280,47|1|0|0|5280,47|0|0|0|0|0|0|0|0|0|8,75|40,25|0|0|
|C170|1|20.2RG145515||1|UN|179,77|0|0|560|2403|2403-3Y|0|0|0|0|0|0|0|||0|0|0|70|0|0|||0|70|0|0|||0|1.1.2.1.0001|
|C170|2|20.TJG607410A||3|UN|140,97|0|0|560|2403|2403-3Y|0|0|0|0|0|0|0|||0|0|0|50|140,97|1,65|||2,33|50|140,97|7,6|||10,71|1.1.2.1.0001|
|C170|5|20.T13607271A||5|UN|109,14|0|0|560|2403|2403-3Y|0|0|0|0|0|0|0|||0|0|0|50|109,14|1,65|||1,8|50|109,14|7,6|||8,29|1.1.2.1.0001|
|C170|3|20.TAR607337B||3|UN|232,61|0|0|560|2403|2403-3Y|0|0|0|0|0|0|0|||0|0|0|50|232,61|1,65|||3,84|50|232,61|7,6|||17,68|1.1.2.1.0001|
|C170|6|20.2P0100759A||3|UN|3679,98|0|0|560|2403|2403-3Y|0|0|0|0|0|0|0|||0|0|0|70|0|0|||0|70|0|0|||0|1.1.2.1.0001|
|C170|4|20.2RP607243||3|UN|891|0|0|560|2403|2403-3Y|0|0|0|0|0|0|0|||0|0|0|70|0|0|||0|70|0|0|||0|1.1.2.1.0001|
|C170|7|20.TJG607410A||1|UN|47|0|0|560|2403|2403-3Y|0|0|0|0|0|0|0|||0|0|0|50|47|1,65|||0,78|50|47|7,6|||3,57|1.1.2.1.0001|
|C010|04185877002107|2|
|C100|0|1|PE11623920000263|55|00|1|87277|26201111623920000263550010000872771100862722|18112020|18112020|202,5|1|0|0|202,5|1|0|0|0|0|0|0|0|0|3,34|15,39|0|0|
|C170|1|105.2VC607403||1|UN|157,5|0|0|560|1403|1403-3Z|0|0|0|0|0|0|0|||0|0|0|50|157,5|1,65|||2,6|50|157,5|7,6|||11,97|1.1.2.1.0001|
|C170|2|105.2T2115617K||1|UN|45|0|0|060|1403|1403-3Z|0|0|0|0|0|0|0|||0|0|0|50|45|1,65|||0,74|50|45|7,6|||3,42|1.1.2.1.0001|
|C100|0|1|PE11623920000263|55|00|1|87984|26201111623920000263550010000879841100869797|30112020|30112020|43|1|0|0|43|1|0|0|0|0|0|0|0|0|0,71|3,27|0|0|
|C170|1|105.2T2115617K||1|UN|43|0|0|060|1403|1403-3Z|0|0|0|0|0|0|0|||0|0|0|50|43|1,65|||0,71|50|43|7,6|||3,27|1.1.2.1.0001|
|C100|0|1|PE16417234000179|55|00|1|148699|26201116417234000179550010001486991755207776|20112020|20112020|452|1|0|0|452|9|0|0|0|0|0|0|0|0|1,71|7,9|0|0|
|C170|3|105.JS40209||2|UN|42|0|0|060|1403|1403-3Z|0|0|0|0|0|0|0|||0|0|0|50|42|1,65|||0,69|50|42|7,6|||3,19|1.1.2.1.0001|
|C170|2|105.JS40153||2|UN|348|0|0|060|1403|1403-3Z|0|0|0|0|0|0|0|||0|0|0|70|0|0|||0|70|0|0|||0|1.1.2.1.0001|
|C170|1|105.JS40200||2|UN|62|0|0|060|1403|1403-3Z|0|0|0|0|0|0|0|||0|0|0|50|62|1,65|||1,02|50|62|7,6|||4,71|1.1.2.1.0001|
|C100|0|1|PE35512722000100|55|00|1|596666|26201135512722000100550010005966661605329233|17112020|17112020|171|1|0|0|171|9|0|0|0|0|0|0|0|0|2,82|13|0|0|
|C170|1|105.2W0607359||1|UN|171|0|0|560|1403|1403-3Z|0|0|0|0|0|0|0|||0|0|0|50|171|1,65|||2,82|50|171|7,6|||13|1.1.2.1.0001|
|C100|0|1|PE61490561007113|55|00|10|601269|26201161490561007113550100006012691825000783|23112020|23112020|210,38|1|0|0|200,88|0|7|0|2,5|0|0|0|0|0|3,31|15,27|0|0|
|C170|1|105.2T0607359D||3|UN|200,88|0|0|360|1403|1403-3Z|0|0|0|0|0|0|0|||0|0|0|50|200,88|1,65|||3,31|50|200,88|7,6|||15,27|1.1.2.1.0001|
|C100|0|1|PE61490561007113|55|00|11|83919|26201161490561007113550110000839191755422590|23112020|23112020|327,19|1|0|0|316,69|0|8|0|2,5|0|0|0|0|0|1,25|5,77|0|0|
|C170|1|105.2T0607359D||1|UN|75,97|0|0|360|1403|1403-3Z|0|0|0|0|0|0|0|||0|0|0|50|75,97|1,65|||1,25|50|75,97|7,6|||5,77|1.1.2.1.0001|
|C170|2|105.2U2109601A||12|UN|240,72|0|0|060|1403|1403-3Z|0|0|0|0|0|0|0|||0|0|0|70|0|0|||0|70|0|0|||0|1.1.2.1.0001|
|C100|0|1|SP2162259000326|55|00|1|556661|35201002162259000326550010005566611095054108|28102020|11112020|1554,75|1|0|0|1527,57|0|25,36|0|0|0|0|0|0|0|18,7|86,15|0|0|
|C170|1|20.JS19493||5|UN|796,53|0|0|060|2403|2403-3Z|0|0|0|0|0|0|0|||0|0|0|50|796,53|1,65|||13,14|50|796,53|7,6|||60,54|1.1.2.1.0001|
|C170|2|3.TAE105275||2|UN|394,12|0|0|060|2403|2403-3Z|0|0|0|0|0|0|0|||0|0|0|70|0|0|||0|70|0|0|||0|1.1.2.1.0001|
|C170|3|20.JS19493||2|UN|336,92|0|0|060|2403|2403-3Z|0|0|0|0|0|0|0|||0|0|0|50|336,92|1,65|||5,56|50|336,92|7,6|||25,61|1.1.2.1.0001|
|C100|0|1|SP49295900000100|55|00|1|96713|35201149295900000100550010000967131985497719|19112020|20112020|1190,36|1|0|0|1184,06|1|0|0|6,3|0|0|0|0|0|2,11|9,72|0|0|
|C170|1|105.JS18588||1|UN|127,95|0|0|260|2403|2403-3Z|0|0|0|0|0|0|0|||0|0|0|50|127,95|1,65|||2,11|50|127,95|7,6|||9,72|1.1.2.1.0001|
|C170|2|105.JS18145||1|UN|1056,11|0|0|560|2403|2403-3Z|0|0|0|0|0|0|0|||0|0|0|70|0|0|||0|70|0|0|||0|1.1.2.1.0001|
|C100|0|1|SP54625819002893|55|00|9|722718|35201154625819002893550090007227181947910915|11112020|20112020|206,67|1|0|0|206,67|0|0|0|0|0|0|0|0|0|1,13|5,23|0|0|
|C170|2|20.2R0311189A||1|UN|68,78|0|0|060|2403|2403-3Z|0|0|0|0|0|0|0|||0|0|0|50|68,78|1,65|||1,13|50|68,78|7,6|||5,23|1.1.2.1.0001|
|C170|1|20.2RD398015||2|UN|137,89|0|0|060|2403|2403-3Z|0|0|0|0|0|0|0|||0|0|0|70|0|0|||0|70|0|0|||0|1.1.2.1.0001|
|C100|0|1|SP68857085000162|55|00|1|924434|35201168857085000162550010009244341109356020|09112020|11112020|797,17|1|0|0|797,17|1|0|0|0|0|0|0|0|0|13,15|60,58|0|0|
|C170|1|105.2VB863711033||1|UN|797,17|0|0|060|2403|2403-3Z|0|0|0|0|0|0|0|||0|0|0|50|797,17|1,65|||13,15|50|797,17|7,6|||60,58|1.1.2.1.0001|
|C010|04185877001550|2|
|C100|0|1|PB26541826000151|55|00|1|871|25201126541826000151550010000008711000026480|18112020|18112020|750|1|38,04|0|788,04|0|0|0|0|0|0|0|0|0|4,69|21,58|0|0|
|C110|23|Dev. Nf(s): 107887-1 17/11/2020 R$750,00.|
|C170|2|20.2U0505179A||4|UN|318,04|34,04|0|060|1411|1411-3J|0|0|0|0|0|0|0|||0|0|0|50|284|1,65|||4,69|50|284|7,6|||21,58|1.1.2.1.0001|
|C170|1|20.2P0721405||1|UN|470|4|0|060|1411|1411-3J|0|0|0|0|0|0|0|||0|0|0|70|0|0|||0|70|0|0|||0|1.1.2.1.0001|
|C100|0|1|PB4866656000142|55|00|2|82617|25201104866656000142550020000826171565130771|09112020|09112020|370|1|0|0|370|9|0|0|0|0|0|0|0|0|6,11|28,12|0|0|
|C170|1|105.2T0607359G||1|UN|370|0|0|560|1403|1403-3J|0|0|0|0|0|0|0|||0|0|0|50|370|1,65|||6,11|50|370|7,6|||28,12|1.1.2.1.0001|
|C100|0|1|PB4866656000142|55|00|2|82669|25201104866656000142550020000826691565130778|11112020|11112020|120|1|0|0|120|9|0|0|0|0|0|0|0|0|1,98|9,12|0|0|
|C170|1|105.2T2121101AC||1|UN|120|0|0|060|1403|1403-3J|0|0|0|0|0|0|0|||0|0|0|50|120|1,65|||1,98|50|120|7,6|||9,12|1.1.2.1.0001|
|C100|0|1|PB8661479000119|55|00|1|584401|25201108661479000119550010005844011177412723|30112020|30112020|508,37|1|0|0|508,37|3|0|0|0|0|0|0|0|0|6,3|28,98|0|0|
|C170|3|105.JS10651||1|UN|126,99|0|0|260|1403|1403-3J|0|0|0|0|0|0|0|||0|0|0|70|0|0|||0|70|0|0|||0|1.1.2.1.0001|
|C170|1|105.JS10408||1|UN|190,69|0|0|060|1403|1403-3J|0|0|0|0|0|0|0|||0|0|0|50|190,69|1,65|||3,15|50|190,69|7,6|||14,49|1.1.2.1.0001|
|C170|2|105.JS10409||1|UN|190,69|0|0|060|1403|1403-3J|0|0|0|0|0|0|0|||0|0|0|50|190,69|1,65|||3,15|50|190,69|7,6|||14,49|1.1.2.1.0001|
|C100|0|1|SP416170000151|55|00|1|784343|35201000416170000151550010007843431859874927|22102020|04112020|5510,74|1|0|0|5510,74|0|0|0|0|0|0|0|0|0|6,26|28,85|0|0|
|C170|6|20.2TJ145605||2|UN|3519,58|0|0|560|2403|2403-3J|0|0|0|0|0|0|0|||0|0|0|70|0|0|||0|70|0|0|||0|1.1.2.1.0001|
|C170|3|20.2VC607243||3|UN|780,64|0|0|560|2403|2403-3J|0|0|0|0|0|0|0|||0|0|0|70|0|0|||0|70|0|0|||0|1.1.2.1.0001|
|C170|4|20.TAR607410A||2|UN|97,76|0|0|560|2403|2403-3J|0|0|0|0|0|0|0|||0|0|0|50|97,76|1,65|||1,61|50|97,76|7,6|||7,43|1.1.2.1.0001|
|C170|1|20.TJG607410A||4|UN|187,95|0|0|560|2403|2403-3J|0|0|0|0|0|0|0|||0|0|0|50|187,95|1,65|||3,1|50|187,95|7,6|||14,28|1.1.2.1.0001|
|C170|2|20.2VF607243||3|UN|830,83|0|0|560|2403|2403-3J|0|0|0|0|0|0|0|||0|0|0|70|0|0|||0|70|0|0|||0|1.1.2.1.0001|
|C170|5|20.TJG607410A||2|UN|93,98|0|0|560|2403|2403-3J|0|0|0|0|0|0|0|||0|0|0|50|93,98|1,65|||1,55|50|93,98|7,6|||7,14|1.1.2.1.0001|
|C100|0|1|SP54625819002893|55|06|9|709729|35201054625819002893550090007097291296002913|17102020|25112020|0|2|0|0|0|0|0|0|0|79,8|2,4|0|0|0|0|0|0|0|
|C170|1|20.TJG301235G||1|UN|0|0|0|500|2403|2403-3J|79,8|18|2,4|0|0|0|0|||0|0|0|50|0|1,65|||0|50|0|7,6|||0|1.1.2.1.0001|
|C100|0|1|SP54625819002893|55|00|9|721205|35201154625819002893550090007212051203423374|09112020|23112020|161,44|1|0|0|161,44|0|0|0|0|0|0|0|0|0|2,66|12,27|0|0|
|C170|1|20.2RD312023||5|UN|161,44|0|0|060|2403|2403-3J|0|0|0|0|0|0|0|||0|0|0|50|161,44|1,65|||2,66|50|161,44|7,6|||12,27|1.1.2.1.0001|
|C010|04185877001712|2|
|C100|0|1|GO5448784000139|55|00|2|253985|52201105448784000139550020002539851002800900|24112020|26112020|1079|1|0|0|1079|1|0|0|0|0|0|0|0|0|0,81|3,72|0|0|
|C170|2|105.2T2121101AC||1|UN|49|0|0|060|2403|2403-3F|0|0|0|0|0|0|0|||0|0|0|50|49|1,65|||0,81|50|49|7,6|||3,72|1.1.2.1.0001|
|C170|1|105.07W105237||1|UN|1030|0|0|060|2403|2403-3F|0|0|0|0|0|0|0|||0|0|0|70|0|0|||0|70|0|0|||0|1.1.2.1.0001|
|C100|0|1|MA11893920000100|55|00|1|5231|21201111893920000100550010000052311052954179|16112020|16112020|180|1|9,47|0|189,47|0|0|0|0|0|0|0|0|0|2,97|13,68|0|0|
|C170|1|105.2T2121051P||1|UN|189,47|9,47|0|060|1403|1403-3F|0|0|0|0|0|0|0|||0|0|0|50|180|1,65|||2,97|50|180|7,6|||13,68|1.1.2.1.0001|
|C100|0|1|MA7213476000150|55|00|1|49999|21201107213476000150550010000499991052954175|03112020|03112020|613,73|1|0|0|613,73|1|0|0|0|0|0|0|0|0|10,13|46,64|0|0|
|C170|1|105.2T2199382M||1|UN|613,73|0|0|060|1403|1403-3F|0|0|0|0|0|0|0|||0|0|0|50|613,73|1,65|||10,13|50|613,73|7,6|||46,64|1.1.2.1.0001|
|C100|0|1|MA7213476000150|55|00|1|50106|21201107213476000150550010000501061052954175|10112020|10112020|417,48|1|0|0|417,48|1|0|0|0|0|0|0|0|0|6,89|31,73|0|0|
|C170|1|105.2T2145856G||1|UN|417,48|0|0|060|1403|1403-3F|0|0|0|0|0|0|0|||0|0|0|50|417,48|1,65|||6,89|50|417,48|7,6|||31,73|1.1.2.1.0001|
|C100|0|1|MA7361082000149|55|00|2|38231|21201107361082000149550020000382311565130778|03112020|04112020|70|1|7,27|0|77,27|9|0|0|0|0|0|0|0|0|1,16|5,32|0|0|
|C170|1|105.2T2121101T||1|UN|77,27|7,27|0|060|1403|1403-3F|0|0|0|0|0|0|0|||0|0|0|50|70|1,65|||1,16|50|70|7,6|||5,32|1.1.2.1.0001|
|C100|0|1|SP12432329000372|55|00|1|1235514|35201012432329000372550010012355141311257135|26102020|12112020|3644,2|1|0|0|3644,2|1|0|0|0|0|0|0|0|0|2,69|12,37|0|0|
|C170|4|20.JS31702||1|UN|213,87|0|0|060|2403|2403-3F|0|0|0|0|0|0|0|||0|0|0|70|0|0|||0|70|0|0|||0|1.1.2.1.0001|
|C170|3|20.2R0721503B||3|UN|3213,45|0|0|060|2403|2403-3F|0|0|0|0|0|0|0|||0|0|0|70|0|0|||0|70|0|0|||0|1.1.2.1.0001|
|C170|2|20.2R2949101A||1|UN|54,06|0|0|060|2403|2403-3F|0|0|0|0|0|0|0|||0|0|0|70|0|0|||0|70|0|0|||0|1.1.2.1.0001|
|C170|1|1.TJG711116||7|UN|162,82|0|0|060|2403|2403-3F|0|0|0|0|0|0|0|||0|0|0|50|162,82|1,65|||2,69|50|162,82|7,6|||12,37|1.1.2.1.0001|
|C100|0|1|SP2162259000326|55|00|1|549203|35201002162259000326550010005492031322437325|16102020|09112020|1241,27|1|0|0|1218,65|0|20,98|0|0|0|0|0|0|0|0,85|3,93|0|0|
|C170|7|20.2RG107127||1|UN|129,59|0|0|560|2403|2403-3F|0|0|0|0|0|0|0|||0|0|0|70|0|0|||0|70|0|0|||0|1.1.2.1.0001|
|C170|4|1.2TB198051||2|UN|492,28|0|0|060|2403|2403-3F|0|0|0|0|0|0|0|||0|0|0|70|0|0|||0|70|0|0|||0|1.1.2.1.0001|
|C170|6|20.JS15294||1|UN|109,48|0|0|360|2403|2403-3F|0|0|0|0|0|0|0|||0|0|0|70|0|0|||0|70|0|0|||0|1.1.2.1.0001|
|C170|3|20.T12105431||3|UN|44,44|0|0|560|2403|2403-3F|0|0|0|0|0|0|0|||0|0|0|70|0|0|||0|70|0|0|||0|1.1.2.1.0001|
|C170|1|20.JS15194||1|UN|68,56|0|0|060|2403|2403-3F|0|0|0|0|0|0|0|||0|0|0|70|0|0|||0|70|0|0|||0|1.1.2.1.0001|
|C170|2|20.JS15599||1|UN|51,72|0|0|060|2403|2403-3F|0|0|0|0|0|0|0|||0|0|0|50|51,72|1,65|||0,85|50|51,72|7,6|||3,93|1.1.2.1.0001|
|C170|5|20.JS15311||1|UN|322,58|0|0|360|2403|2403-3F|0|0|0|0|0|0|0|||0|0|0|70|0|0|||0|70|0|0|||0|1.1.2.1.0001|
|C100|0|1|SP4125812000700|55|00|1|1355403|35201104125812000700550010013554031517811500|06112020|10112020|1057,49|1|0|0|1057,49|1|0|0|0|0|0|0|0|0|17,45|80,37|0|0|
|C170|1|105.001607887||1|UN|1057,49|0|0|560|2403|2403-3F|0|0|0|0|0|0|0|||0|0|0|50|1057,49|1,65|||17,45|50|1057,49|7,6|||80,37|1.1.2.1.0001|
|C100|0|1|SP416170000151|55|00|1|784823|35201000416170000151550010007848231713508149|23102020|12112020|1787,99|1|0|0|1787,99|0|0|0|0|0|0|0|0|0|6,31|29,06|0|0|
|C170|4|20.2RG145515||2|UN|359,52|0|0|560|2403|2403-3F|0|0|0|0|0|0|0|||0|0|0|70|0|0|||0|70|0|0|||0|1.1.2.1.0001|
|C170|3|20.TJG607410A||1|UN|47|0|0|560|2403|2403-3F|0|0|0|0|0|0|0|||0|0|0|50|47|1,65|||0,78|50|47|7,6|||3,57|1.1.2.1.0001|
|C170|6|20.TAR607408B||3|UN|549,74|0|0|560|2403|2403-3F|0|0|0|0|0|0|0|||0|0|0|70|0|0|||0|70|0|0|||0|1.1.2.1.0001|
|C170|5|20.2TJ198301A||2|UN|152,83|0|0|560|2403|2403-3F|0|0|0|0|0|0|0|||0|0|0|70|0|0|||0|70|0|0|||0|1.1.2.1.0001|
|C170|2|20.2T2721261||1|UN|343,56|0|0|560|2403|2403-3F|0|0|0|0|0|0|0|||0|0|0|70|0|0|||0|70|0|0|||0|1.1.2.1.0001|
|C170|1|20.2T0860114||2|UN|335,34|0|0|560|2403|2403-3F|0|0|0|0|0|0|0|||0|0|0|50|335,34|1,65|||5,53|50|335,34|7,6|||25,49|1.1.2.1.0001|
|C100|0|1|SP416170000151|55|00|1|788223|35201100416170000151550010007882231160205384|12112020|25112020|1904,58|1|0|0|1904,58|0|0|0|0|0|0|0|0|0|0,76|3,5|0|0|
|C170|1|20.2R2607403||1|UN|468,39|0|0|560|2403|2403-3F|0|0|0|0|0|0|0|||0|0|0|70|0|0|||0|70|0|0|||0|1.1.2.1.0001|
|C170|2|20.2T2721261||3|UN|1030,65|0|0|560|2403|2403-3F|0|0|0|0|0|0|0|||0|0|0|70|0|0|||0|70|0|0|||0|1.1.2.1.0001|
|C170|3|20.TNR607316||1|UN|46,02|0|0|560|2403|2403-3F|0|0|0|0|0|0|0|||0|0|0|50|46,02|1,65|||0,76|50|46,02|7,6|||3,5|1.1.2.1.0001|
|C170|4|20.2RG145515||2|UN|359,52|0|0|560|2403|2403-3F|0|0|0|0|0|0|0|||0|0|0|70|0|0|||0|70|0|0|||0|1.1.2.1.0001|
|C010|04185877002280|2|
|C100|0|1|GO13042651000196|55|00|1|1618|52201113042651000196550010000016181119744469|18112020|19112020|215|1|0|0|215|0|0|0|0|215|36,55|0|0|0|3,55|16,34|0|0|
|C110|29|Dev. Nf(s): 128816-1 04/11/2020 R$215,00.|
|C170|1|105.JS13665||1|UN|215|0|0|000|1202|1202-1L|215|17|36,55|0|0|0|0|||0|0|0|50|215|1,65|||3,55|50|215|7,6|||16,34|1.1.2.1.0001|
|C100|0|1|GO3162995000185|55|00|1|165100|52201103162995000185550010001651001648224815|10112020|10112020|197|1|0|0|197|9|0|0|0|197|7,08|0|0|0|3,25|14,97|0|0|
|C170|1|105.2T0145828||1|UN|197|0|0|260|1102|1102-1L|197|3,59|7,08|0|0|0|0|||0|0|0|50|197|1,65|||3,25|50|197|7,6|||14,97|1.1.2.1.0001|
|C100|0|1|SP2162259000326|55|00|1|561790|35201102162259000326550010005617901019407854|17112020|30112020|1914,35|1|0|0|1886,05|0|26,4|0|0|1786,81|78,88|0|0|0|0,6|2,74|0|0|
|C170|4|4.2R0127177A||60|UN|1638,14|0|0|200|2102|2102-1L|1539,55|4|61,58|0|0|0|0|||0|0|0|70|0|0|||0|70|0|0|||0|1.1.2.1.0001|
|C170|3|1.2R0121625C||1|UN|12|0|0|000|2102|2102-1L|11,07|7|0,77|0|0|0|0|||0|0|0|50|12|1,65|||0,2|50|12|7,6|||0,91|1.1.2.1.0001|
|C170|1|1.2R0121625C||2|UN|24,02|0|0|000|2102|2102-1L|22,17|7|1,55|0|0|0|0|||0|0|0|50|24,02|1,65|||0,4|50|24,02|7,6|||1,83|1.1.2.1.0001|
|C170|2|5.2RD127491||6|UN|190,26|0|0|000|2102|2102-1L|193,11|7|13,52|0|0|0|0|||0|0|0|70|0|0|||0|70|0|0|||0|1.1.2.1.0001|
|C170|5|20.T12109651||20|UN|21,63|0|0|500|2102|2102-1L|20,91|7|1,46|0|0|0|0|||0|0|0|70|0|0|||0|70|0|0|||0|1.1.2.1.0001|
|C100|0|1|SP416170000151|55|00|1|787282|35201100416170000151550010007872821601636019|09112020|12112020|3401,84|1|0|0|3401,84|0|0|0|0|3268,09|219,71|0|0|0|5,23|24,09|0|0|
|C170|3|20.2R2721257||6|UN|3084,82|0|0|500|2102|2102-1L|2966,17|7|207,63|0|0|0|0|||0|0|0|70|0|0|||0|70|0|0|||0|1.1.2.1.0001|
|C170|1|20.TJG607410A||1|UN|45,3|0|0|500|2102|2102-1L|43,14|4|1,73|0|0|0|0|||0|0|0|50|45,3|1,65|||0,75|50|45,3|7,6|||3,44|1.1.2.1.0001|
|C170|2|20.TJG607410A||6|UN|271,72|0|0|500|2102|2102-1L|258,78|4|10,35|0|0|0|0|||0|0|0|50|271,72|1,65|||4,48|50|271,72|7,6|||20,65|1.1.2.1.0001|
|C100|0|1|SP45967890000143|55|00|2|223021|35201145967890000143550020002230211274984828|12112020|17112020|3067,34|1|0|0|3067,34|0|0|0|0|2922,44|204,57|0|0|0|13|59,88|0|0|
|C170|5|20.JS12710||10|UN|130,32|0|0|000|2102|2102-1L|124,11|7|8,69|0|0|0|0|||0|0|0|70|0|0|||0|70|0|0|||0|1.1.2.1.0001|
|C170|2|2.JS50238||2|UN|19,63|0|0|000|2102|2102-1L|18,18|7|1,27|0|0|0|0|||0|0|0|50|19,63|1,65|||0,32|50|19,63|7,6|||1,49|1.1.2.1.0001|
|C170|1|20.JS11027||4|UN|168,08|0|0|000|2102|2102-1L|160,08|7|11,21|0|0|0|0|||0|0|0|70|0|0|||0|70|0|0|||0|1.1.2.1.0001|
|C170|6|1.2SB199201||4|UN|226,63|0|0|000|2102|2102-1L|215,84|7|15,11|0|0|0|0|||0|0|0|70|0|0|||0|70|0|0|||0|1.1.2.1.0001|
|C170|3|3.TEG199381B||8|UN|228,57|0|0|000|2102|2102-1L|217,69|7|15,24|0|0|0|0|||0|0|0|70|0|0|||0|70|0|0|||0|1.1.2.1.0001|
|C170|7|1.2T2199221A||4|UN|1525,84|0|0|000|2102|2102-1L|1453,18|7|101,72|0|0|0|0|||0|0|0|70|0|0|||0|70|0|0|||0|1.1.2.1.0001|
|C170|8|1.2RD721173||10|UN|35,17|0|0|000|2102|2102-1L|35,17|7|2,46|0|0|0|0|||0|0|0|50|35,17|1,65|||0,58|50|35,17|7,6|||2,67|1.1.2.1.0001|
|C170|4|20.JS12907||10|UN|733,1|0|0|000|2102|2102-1L|698,19|7|48,87|0|0|0|0|||0|0|0|50|733,1|1,65|||12,1|50|733,1|7,6|||55,72|1.1.2.1.0001|
|C100|0|1|SP54625819002893|55|00|9|729403|35201154625819002893550090007294031264293503|24112020|30112020|106,98|1|0|0|106,98|0|0|0|0|99,06|6,93|0|0|0|1,77|8,13|0|0|
|C170|1|20.2R0311189A||2|UN|106,98|0|0|000|2102|2102-1L|99,06|7|6,93|0|0|0|0|||0|0|0|50|106,98|1,65|||1,77|50|106,98|7,6|||8,13|1.1.2.1.0001|
|C010|04185877002360|2|
|C100|0|1|RJ9637385000339|55|00|1|63303|33201109637385000339550010000633031274514433|09112020|09112020|58|1|0|0|58|0|0|0|0|0|0|0|0|0|0,96|4,41|0|0|
|C170|1|105.2P0129493||1|UN|58|0|0|060|1403|1403-3V|0|0|0|0|0|0|0|||0|0|0|50|58|1,65|||0,96|50|58|7,6|||4,41|1.1.2.1.0001|
|C010|04185877002522|2|
|C100|0|1|SP841654000148|55|00|2|236621|35201000841654000148550020002366211553130302|26102020|04112020|1458,99|1|0|0|1458,99|1|0|0|0|1326,35|92,84|0|0|0|24,07|110,88|0|0|
|C170|1|1.2U0117413||5|UN|1458,99|0|0|000|2102|2102-1L|1326,35|7|92,84|0|0|0|0|||0|0|0|50|1458,99|1,65|||24,07|50|1458,99|7,6|||110,88|1.1.2.1.0001|
|C010|04185877002875|2|
|C100|0|1|MT31553622000170|55|00|1|4837|51201131553622000170550010000048371248971743|24112020|24112020|780|1|0|0|780|9|0|0|0|0|0|0|0|0|12,87|59,28|0|0|
|C170|1|105.8141581||2|UN|780|0|0|260|1403|1403-3B|0|0|0|0|0|0|0|||0|0|0|50|780|1,65|||12,87|50|780|7,6|||59,28|1.1.2.1.0001|
|C100|0|1|SP54625819002893|55|00|9|712354|35201054625819002893550090007123541855895500|21102020|11112020|344,87|1|0|0|344,87|0|0|0|0|0|0|0|0|0|3,15|14,52|0|0|
|C170|2|20.2R0311189A||3|UN|191,11|0|0|060|2403|2403-3B|0|0|0|0|0|0|0|||0|0|0|50|191,11|1,65|||3,15|50|191,11|7,6|||14,52|1.1.2.1.0001|
|C170|1|20.2RD398033||2|UN|153,76|0|0|060|2403|2403-3B|0|0|0|0|0|0|0|||0|0|0|70|0|0|||0|70|0|0|||0|1.1.2.1.0001|
|C100|0|1|SP54625819002893|55|00|9|720540|35201154625819002893550090007205401379732826|07112020|18112020|692,28|1|0|0|692,28|0|0|0|0|0|0|0|0|0|3,07|14,13|0|0|
|C170|2|20.2RR312023||5|UN|185,92|0|0|060|2403|2403-3B|0|0|0|0|0|0|0|||0|0|0|50|185,92|1,65|||3,07|50|185,92|7,6|||14,13|1.1.2.1.0001|
|C170|1|20.JS31922||1|UN|506,36|0|0|560|2403|2403-3B|0|0|0|0|0|0|0|||0|0|0|70|0|0|||0|70|0|0|||0|1.1.2.1.0001|
|C010|04185877001470|2|
|C100|0|1|SP416170000151|55|00|1|785431|35201000416170000151550010007854311910186963|28102020|11112020|1652,42|1|0|0|1652,42|0|0|0|0|0|0|0|0|0|6,11|28,13|0|0|
|C170|1|20.TNR607316||6|UN|276,12|0|0|560|2403|2403-3G|0|0|0|0|0|0|0|||0|0|0|50|276,12|1,65|||4,56|50|276,12|7,6|||20,99|1.1.2.1.0001|
|C170|2|20.2R0100759A||1|UN|1282,32|0|0|560|2403|2403-3G|0|0|0|0|0|0|0|||0|0|0|70|0|0|||0|70|0|0|||0|1.1.2.1.0001|
|C170|3|20.TJG607410A||2|UN|93,98|0|0|560|2403|2403-3G|0|0|0|0|0|0|0|||0|0|0|50|93,98|1,65|||1,55|50|93,98|7,6|||7,14|1.1.2.1.0001|
|C100|0|1|SP54625819002893|55|00|9|714795|35201054625819002893550090007147951548292372|26102020|06112020|67,52|1|0|0|67,52|0|0|0|0|0|0|0|0|0|1,11|5,13|0|0|
|C170|1|20.2R0311189A||1|UN|67,52|0|0|060|2403|2403-3G|0|0|0|0|0|0|0|||0|0|0|50|67,52|1,65|||1,11|50|67,52|7,6|||5,13|1.1.2.1.0001|
|C010|04185877001046|2|
|C100|0|1|MG1892631000397|55|00|2|15475|31201101892631000397550020000154751406774943|11112020|11112020|450|1|0|0|450|9|0|0|0|0|0|0|0|0|7,43|34,2|0|0|
|C170|1|105.2S2145856C||1|UN|450|0|0|060|1403|1403-3I|0|0|0|0|0|0|0|||0|0|0|50|450|1,65|||7,43|50|450|7,6|||34,2|1.1.2.1.0001|
|C100|0|1|MG2232235000134|55|00|1|161868|31201102232235000134550010001618681003845643|23112020|23112020|4828|1|0|0|4828|1|0|0|0|0|0|0|0|0|79,66|366,93|0|0|
|C170|1|105.5801220947||2|UN|4828|0|0|060|1403|1403-3I|0|0|0|0|0|0|0|||0|0|0|50|4828|1,65|||79,66|50|4828|7,6|||366,93|1.1.2.1.0001|
|C100|0|1|MG22859817000152|55|00|803|5984|31201122859817000152558030000059841615991710|23112020|24112020|294|1|0|0|294|1|0|0|0|0|0|0|0|0|4,85|22,34|0|0|
|C170|1|105.2T2121101G||3|UN|294|0|0|060|1403|1403-3I|0|0|0|0|0|0|0|||0|0|0|50|294|1,65|||4,85|50|294|7,6|||22,34|1.1.2.1.0001|
|C100|0|1|MG23360605000350|55|00|1|429120|31201123360605000350550010004291201100187008|20112020|20112020|358,99|1|0|0|358,99|1|0|0|0|0|0|0|0|0|1,22|5,62|0|0|
|C170|1|105.2T0505179||4|UN|74|0|0|060|1403|1403-3I|0|0|0|0|0|0|0|||0|0|0|50|74|1,65|||1,22|50|74|7,6|||5,62|1.1.2.1.0001|
|C170|2|105.3464214206||1|UN|284,99|0|0|060|1403|1403-3I|0|0|0|0|0|0|0|||0|0|0|70|0|0|||0|70|0|0|||0|1.1.2.1.0001|
|C100|0|1|MG38532537000175|55|00|1|54858|31201138532537000175550010000548581000019630|12112020|13112020|1400|1|63,59|0|1463,59|0|0|0|0|0|0|0|0|0|23,1|106,4|0|0|
|C110|32|Dev. Nf(s): 215786-1 07/11/2020 R$1.400,00.|
|C170|1|1.JS61942||1|UN|1463,59|63,59|0|260|1411|1411-3I|0|0|0|0|0|0|0|||0|0|0|50|1400|1,65|||23,1|50|1400|7,6|||106,4|1.1.2.1.0001|
|C100|0|1|MG4929906000499|55|00|4|40146|31201104929906000499550040000401461100163015|12112020|12112020|66|1|0|0|66|1|0|0|0|0|0|0|0|0|1,09|5,02|0|0|
|C170|1|105.2T2121101AC||1|UN|66|0|0|060|1403|1403-3I|0|0|0|0|0|0|0|||0|0|0|50|66|1,65|||1,09|50|66|7,6|||5,02|1.1.2.1.0001|
|C100|0|1|MG754526000167|55|00|1|561060|31201100754526000167550010005610601665610095|23112020|23112020|508,61|1|0|0|508,61|9|0|0|0|0|0|0|0|0|8,39|38,65|0|0|
|C170|1|105.2VQ607359||1|UN|508,61|0|0|060|1403|1403-3I|0|0|0|0|0|0|0|||0|0|0|50|508,61|1,65|||8,39|50|508,61|7,6|||38,65|1.1.2.1.0001|
|C100|0|1|SP416170000151|55|00|1|787845|35201100416170000151550010007878451989040863|11112020|16112020|3022,53|1|0|0|3022,53|0|0|0|0|0|0|0|0|0|5,9|27,19|0|0|
|C170|2|20.2T0860114||2|UN|357,72|0|0|560|2403|2403-3I|0|0|0|0|0|0|0|||0|0|0|50|357,72|1,65|||5,9|50|357,72|7,6|||27,19|1.1.2.1.0001|
|C170|1|20.2R0100759B||2|UN|2664,81|0|0|560|2403|2403-3I|0|0|0|0|0|0|0|||0|0|0|70|0|0|||0|70|0|0|||0|1.1.2.1.0001|
|C100|0|1|SP4935166000150|55|00|1|447708|35201104935166000150550010004477081883931174|06112020|10112020|664,66|1|0|0|664,66|1|0|0|0|0|0|0|0|0|3,02|13,9|0|0|
|C170|3|20.2R0721503C||1|UN|419,77|0|0|060|2403|2403-3I|0|0|0|0|0|0|0|||0|0|0|70|0|0|||0|70|0|0|||0|1.1.2.1.0001|
|C170|1|20.JS01138||1|UN|35,6|0|0|060|2403|2403-3I|0|0|0|0|0|0|0|||0|0|0|70|0|0|||0|70|0|0|||0|1.1.2.1.0001|
|C170|2|1.TH7609801||2|UN|26,34|0|0|560|2403|2403-3I|0|0|0|0|0|0|0|||0|0|0|70|0|0|||0|70|0|0|||0|1.1.2.1.0001|
|C170|4|20.2S2121051K||1|UN|182,95|0|0|060|2403|2403-3I|0|0|0|0|0|0|0|||0|0|0|50|182,95|1,65|||3,02|50|182,95|7,6|||13,9|1.1.2.1.0001|
|C100|0|1|SP68857085000162|55|00|1|925587|35201168857085000162550010009255871109367840|13112020|20112020|538,64|1|0|0|538,64|1|0|0|0|0|0|0|0|0|2,53|11,68|0|0|
|C170|3|20.2S2121051K||1|UN|153,63|0|0|060|2403|2403-3I|0|0|0|0|0|0|0|||0|0|0|50|153,63|1,65|||2,53|50|153,63|7,6|||11,68|1.1.2.1.0001|
|C170|1|20.2P0711118||1|UN|187,78|0|0|060|2403|2403-3I|0|0|0|0|0|0|0|||0|0|0|70|0|0|||0|70|0|0|||0|1.1.2.1.0001|
|C170|2|20.2P0953235D1NN||3|UN|197,23|0|0|060|2403|2403-3I|0|0|0|0|0|0|0|||0|0|0|70|0|0|||0|70|0|0|||0|1.1.2.1.0001|
|C010|04185877002441|2|
|C100|0|1|MG4929906000499|55|00|4|39996|31201104929906000499550040000399961100211586|10112020|11112020|304|1|0|0|304|1|0|0|0|0|0|0|0|0|5,02|23,1|0|0|
|C170|1|105.JS13665||2|UN|304|0|0|060|1403|1403-3I|0|0|0|0|0|0|0|||0|0|0|50|304|1,65|||5,02|50|304|7,6|||23,1|1.1.2.1.0001|
|C100|0|1|MG4929906000499|55|00|4|40627|31201104929906000499550040000406271100055141|18112020|19112020|64|1|0|0|64|1|0|0|0|0|0|0|0|0|1,06|4,86|0|0|
|C170|1|105.2U0121051||1|UN|64|0|0|060|1403|1403-3I|0|0|0|0|0|0|0|||0|0|0|50|64|1,65|||1,06|50|64|7,6|||4,86|1.1.2.1.0001|
|C100|0|1|MG4929906000499|55|00|4|41061|31201104929906000499550040000410615100122570|24112020|25112020|183|1|0|0|183|1|0|0|0|0|0|0|0|0|3,02|13,91|0|0|
|C170|1|105.2UH117241||1|UN|183|0|0|060|1403|1403-3I|0|0|0|0|0|0|0|||0|0|0|50|183|1,65|||3,02|50|183|7,6|||13,91|1.1.2.1.0001|
|C100|0|1|MG4929906000499|55|00|4|41157|31201104929906000499550040000411575100007952|25112020|26112020|212|1|0|0|212|1|0|0|0|0|0|0|0|0|3,5|16,11|0|0|
|C170|1|105.JS16899||1|UN|212|0|0|060|1403|1403-3I|0|0|0|0|0|0|0|||0|0|0|50|212|1,65|||3,5|50|212|7,6|||16,11|1.1.2.1.0001|
|C100|0|1|SP2162259000326|55|00|1|563659|35201102162259000326550010005636591946406308|24112020|27112020|273,03|1|0|0|269,09|0|3,53|0|0|0|0|0|0|0|0,94|4,35|0|0|
|C170|1|2.03873013||20|UN|57,22|0|0|060|2403|2403-3I|0|0|0|0|0|0|0|||0|0|0|50|57,22|1,65|||0,94|50|57,22|7,6|||4,35|1.1.2.1.0001|
|C170|2|20.2R0105431A||12|UN|211,87|0|0|060|2403|2403-3I|0|0|0|0|0|0|0|||0|0|0|70|0|0|||0|70|0|0|||0|1.1.2.1.0001|
|C100|0|1|SP416170000151|55|00|1|787281|35201100416170000151550010007872811185117631|09112020|12112020|1990,24|1|0|0|1990,24|0|0|0|0|0|0|0|0|0|5,09|23,46|0|0|
|C170|3|20.TJG607337||3|UN|308,68|0|0|560|2403|2403-3I|0|0|0|0|0|0|0|||0|0|0|50|308,68|1,65|||5,09|50|308,68|7,6|||23,46|1.1.2.1.0001|
|C170|2|20.2R2721257||2|UN|1334,34|0|0|560|2403|2403-3I|0|0|0|0|0|0|0|||0|0|0|70|0|0|||0|70|0|0|||0|1.1.2.1.0001|
|C170|1|20.2S2721261||1|UN|347,22|0|0|560|2403|2403-3I|0|0|0|0|0|0|0|||0|0|0|70|0|0|||0|70|0|0|||0|1.1.2.1.0001|
|C100|0|1|SP4935166000150|55|00|1|449210|35201104935166000150550010004492101701694457|19112020|21112020|603,55|1|0|0|603,55|1|0|0|0|0|0|0|0|0|1,85|8,53|0|0|
|C170|3|105.2RD253143B||2|UN|103,42|0|0|060|2403|2403-3I|0|0|0|0|0|0|0|||0|0|0|70|0|0|||0|70|0|0|||0|1.1.2.1.0001|
|C170|4|105.2R2899397C||4|UN|88,95|0|0|060|2403|2403-3I|0|0|0|0|0|0|0|||0|0|0|50|88,95|1,65|||1,47|50|88,95|7,6|||6,76|1.1.2.1.0001|
|C170|1|105.2R2899397B||2|UN|23,27|0|0|060|2403|2403-3I|0|0|0|0|0|0|0|||0|0|0|50|23,27|1,65|||0,38|50|23,27|7,6|||1,77|1.1.2.1.0001|
|C170|2|105.2S2253853A||1|UN|387,91|0|0|060|2403|2403-3I|0|0|0|0|0|0|0|||0|0|0|70|0|0|||0|70|0|0|||0|1.1.2.1.0001|
|C990|774|
|D001|0|
|D010|04185877000236|
|D100|0|1|PA18495174000138|57|00|1||60412|15201018495174000138570010000604121000668429|28102020|25112020|0||130,67|0|2|0|0|0|0||3.3.1.8.0003|
|D101|9|130,67|50|14|0|1,65|0|3.3.1.8.0003|
|D105|9|130,67|50|14|0|7,6|0|3.3.1.8.0003|
|D100|0|1|PA14498358000109|57|00|1||96615|15201014498358000109570010000966151001299889|02102020|23112020|0||50|0|2|0|0|0|0||3.3.1.8.0003|
|D101|9|50|50|14|0|1,65|0|3.3.1.8.0003|
|D105|9|50|50|14|0|7,6|0|3.3.1.8.0003|
|D100|0|1|PA14498358000109|57|00|1||100600|15201014498358000109570010001006001001353654|30102020|23112020|0||50|0|2|0|0|0|0||3.3.1.8.0003|
|D101|9|50|50|14|0|1,65|0|3.3.1.8.0003|
|D105|9|50|50|14|0|7,6|0|3.3.1.8.0003|
|D100|0|1|PA14498358000109|57|00|1||99443|15201014498358000109570010000994431001338059|22102020|23112020|0||110,64|0|2|0|0|0|0||3.3.1.8.0003|
|D101|9|110,64|50|14|0|1,65|0|3.3.1.8.0003|
|D105|9|110,64|50|14|0|7,6|0|3.3.1.8.0003|
|D100|0|1|PA14498358000109|57|00|1||99237|15201014498358000109570010000992371001335426|21102020|23112020|0||50|0|2|0|0|0|0||3.3.1.8.0003|
|D101|9|50|50|14|0|1,65|0|3.3.1.8.0003|
|D105|9|50|50|14|0|7,6|0|3.3.1.8.0003|
|D100|0|1|PA14498358000109|57|00|1||101913|15201114498358000109570010001019131001370900|10112020|16112020|0||73,42|0|2|0|0|0|0||3.3.1.8.0003|
|D101|9|73,42|50|14|0|1,65|0|3.3.1.8.0003|
|D105|9|73,42|50|14|0|7,6|0|3.3.1.8.0003|
|D100|0|1|PA14498358000109|57|00|1||98732|15201014498358000109570010000987321001328701|19102020|23112020|0||53,4|0|2|0|0|0|0||3.3.1.8.0003|
|D101|9|53,4|50|14|0|1,65|0|3.3.1.8.0003|
|D105|9|53,4|50|14|0|7,6|0|3.3.1.8.0003|
|D100|0|1|PA14498358000109|57|00|1||99601|15201014498358000109570010000996011001340119|23102020|23112020|0||50|0|2|0|0|0|0||3.3.1.8.0003|
|D101|9|50|50|14|0|1,65|0|3.3.1.8.0003|
|D105|9|50|50|14|0|7,6|0|3.3.1.8.0003|
|D100|0|1|PA14498358000109|57|00|1||96972|15201014498358000109570010000969721001305164|06102020|23112020|0||50|0|2|0|0|0|0||3.3.1.8.0003|
|D101|9|50|50|14|0|1,65|0|3.3.1.8.0003|
|D105|9|50|50|14|0|7,6|0|3.3.1.8.0003|
|D100|0|1|PA14498358000109|57|00|1||97225|15201014498358000109570010000972251001308453|07102020|23112020|0||63,34|0|2|0|0|0|0||3.3.1.8.0003|
|D101|9|63,34|50|14|0|1,65|0|3.3.1.8.0003|
|D105|9|63,34|50|14|0|7,6|0|3.3.1.8.0003|
|D100|0|1|PA14498358000109|57|00|1||97936|15201014498358000109570010000979361001317780|13102020|23112020|0||50|0|2|0|0|0|0||3.3.1.8.0003|
|D101|9|50|50|14|0|1,65|0|3.3.1.8.0003|
|D105|9|50|50|14|0|7,6|0|3.3.1.8.0003|
|D100|0|1|PA14498358000109|57|00|1||100389|15201014498358000109570010001003891001350973|29102020|23112020|0||50|0|2|0|0|0|0||3.3.1.8.0003|
|D101|9|50|50|14|0|1,65|0|3.3.1.8.0003|
|D105|9|50|50|14|0|7,6|0|3.3.1.8.0003|
|D100|0|1|PA14498358000109|57|00|1||98537|15201014498358000109570010000985371001326305|16102020|23112020|0||54,65|0|2|0|0|0|0||3.3.1.8.0003|
|D101|9|54,65|50|14|0|1,65|0|3.3.1.8.0003|
|D105|9|54,65|50|14|0|7,6|0|3.3.1.8.0003|
|D100|0|1|PA4787941000178|57|00|1||281376|15201104787941000178570010002813761004292051|23112020|30112020|0||83,85|0|2|0|0|0|0||3.3.1.8.0003|
|D101|9|83,85|50|14|0|1,65|0|3.3.1.8.0003|
|D105|9|83,85|50|14|0|7,6|0|3.3.1.8.0003|
|D100|0|1|PA14498358000109|57|00|1||96800|15201014498358000109570010000968001001302659|05102020|23112020|0||50|0|2|0|0|0|0||3.3.1.8.0003|
|D101|9|50|50|14|0|1,65|0|3.3.1.8.0003|
|D105|9|50|50|14|0|7,6|0|3.3.1.8.0003|
|D100|0|1|PA4787941000178|57|00|1||275478|15201004787941000178570010002754781004172049|21102020|12112020|0||137,47|0|2|0|0|0|0||3.3.1.8.0003|
|D101|9|137,47|50|14|0|1,65|0|3.3.1.8.0003|
|D105|9|137,47|50|14|0|7,6|0|3.3.1.8.0003|
|D100|0|1|PA14498358000109|57|00|1||100234|15201014498358000109570010001002341001348819|28102020|23112020|0||70|0|2|0|0|0|0||3.3.1.8.0003|
|D101|9|70|50|14|0|1,65|0|3.3.1.8.0003|
|D105|9|70|50|14|0|7,6|0|3.3.1.8.0003|
|D100|0|1|SP8408736000296|57|00|1||96622|35201008408736000296570010000966221001102294|20102020|16112020|0||195,61|0|2|0|0|0|0||3.3.1.8.0003|
|D101|9|195,61|50|14|0|1,65|0|3.3.1.8.0003|
|D105|9|195,61|50|14|0|7,6|0|3.3.1.8.0003|
|D100|0|1|PA60860087017174|67|00|100||1806|15201060860087017174671000000018061223133999|31102020|11112020|0||4118,14|0|2|0|0|0|0||3.3.1.8.0003|
|D101|9|4118,14|50|14|0|1,65|0|3.3.1.8.0003|
|D105|9|4118,14|50|14|0|7,6|0|3.3.1.8.0003|
|D100|0|1|PA14498358000109|57|00|1||99012|15201014498358000109570010000990121001332362|20102020|23112020|0||116,78|0|2|0|0|0|0||3.3.1.8.0003|
|D101|9|116,78|50|14|0|1,65|0|3.3.1.8.0003|
|D105|9|116,78|50|14|0|7,6|0|3.3.1.8.0003|
|D100|0|1|PA14498358000109|57|00|1||98097|15201014498358000109570010000980971001319857|14102020|23112020|0||154,65|0|2|0|0|0|0||3.3.1.8.0003|
|D101|9|154,65|50|14|0|1,65|0|3.3.1.8.0003|
|D105|9|154,65|50|14|0|7,6|0|3.3.1.8.0003|
|D100|0|1|PA14498358000109|57|00|1||99994|15201014498358000109570010000999941001345698|27102020|23112020|0||154,41|0|2|0|0|0|0||3.3.1.8.0003|
|D101|9|154,41|50|14|0|1,65|0|3.3.1.8.0003|
|D105|9|154,41|50|14|0|7,6|0|3.3.1.8.0003|
|D100|0|1|PA14498358000109|57|00|1||96750|15201014498358000109570010000967501001302094|05102020|24112020|0||50|0|2|0|0|0|0||3.3.1.8.0003|
|D101|9|50|50|14|0|1,65|0|3.3.1.8.0003|
|D105|9|50|50|14|0|7,6|0|3.3.1.8.0003|
|D100|0|1|PA14498358000109|57|00|1||101916|15201114498358000109570010001019161001370936|10112020|23112020|0||50|0|2|0|0|0|0||3.3.1.8.0003|
|D101|9|50|50|14|0|1,65|0|3.3.1.8.0003|
|D105|9|50|50|14|0|7,6|0|3.3.1.8.0003|
|D100|0|1|PA48740351006791|57|00|0||54097|15201048740351006791570000000540971373937721|31102020|20112020|0||76,41|0|2|0|0|0|0||3.3.1.8.0003|
|D101|9|76,41|50|14|0|1,65|0|3.3.1.8.0003|
|D105|9|76,41|50|14|0|7,6|0|3.3.1.8.0003|
|D100|0|1|PA14498358000109|57|00|1||96446|15201014498358000109570010000964461001297083|01102020|23112020|0||75,61|0|2|0|0|0|0||3.3.1.8.0003|
|D101|9|75,61|50|14|0|1,65|0|3.3.1.8.0003|
|D105|9|75,61|50|14|0|7,6|0|3.3.1.8.0003|
|D100|0|1|PA14498358000109|57|00|1||98359|15201014498358000109570010000983591001323728|15102020|23112020|0||51,25|0|2|0|0|0|0||3.3.1.8.0003|
|D101|9|51,25|50|14|0|1,65|0|3.3.1.8.0003|
|D105|9|51,25|50|14|0|7,6|0|3.3.1.8.0003|
|D010|04185877000317|
|D100|0|1|MT33070814001042|57|00|3||2824478|51201133070814001042570030028244781106599002|13112020|24112020|0||53,53|0|2|0|0|0|0||3.3.1.8.0003|
|D101|9|53,53|50|14|0|1,65|0|3.3.1.8.0003|
|D105|9|53,53|50|14|0|7,6|0|3.3.1.8.0003|
|D100|0|1|MT16903492000165|57|00|30||2120866|51201116903492000165570300021208661034641708|03112020|06112020|0||37,4|0|2|0|0|0|0||3.3.1.8.0003|
|D101|9|37,4|50|14|0|1,65|0|3.3.1.8.0003|
|D105|9|37,4|50|14|0|7,6|0|3.3.1.8.0003|
|D100|0|1|MT16903492000165|57|00|30||2177077|51201116903492000165570300021770771035607511|23112020|25112020|0||34|0|2|0|0|0|0||3.3.1.8.0003|
|D101|9|34|50|14|0|1,65|0|3.3.1.8.0003|
|D105|9|34|50|14|0|7,6|0|3.3.1.8.0003|
|D100|0|1|MT16903492000165|57|00|30||2163582|51201116903492000165570300021635821035365688|17112020|24112020|0||38,4|0|2|0|0|0|0||3.3.1.8.0003|
|D101|9|38,4|50|14|0|1,65|0|3.3.1.8.0003|
|D105|9|38,4|50|14|0|7,6|0|3.3.1.8.0003|
|D100|0|1|MT16903492000165|57|00|30||2146831|51201116903492000165570300021468311035080237|11112020|24112020|0||34|0|2|0|0|0|0||3.3.1.8.0003|
|D101|9|34|50|14|0|1,65|0|3.3.1.8.0003|
|D105|9|34|50|14|0|7,6|0|3.3.1.8.0003|
|D100|0|1|MT16903492000165|57|00|30||2116357|51201016903492000165570300021163571034564472|30102020|04112020|0||34|0|2|0|0|0|0||3.3.1.8.0003|
|D101|9|34|50|14|0|1,65|0|3.3.1.8.0003|
|D105|9|34|50|14|0|7,6|0|3.3.1.8.0003|
|D100|0|1|SP833219000252|57|00|1||731355|35201000833219000252570010007313551050940239|30102020|13112020|0||50|0|2|0|0|0|0||3.3.1.8.0003|
|D101|9|50|50|14|0|1,65|0|3.3.1.8.0003|
|D105|9|50|50|14|0|7,6|0|3.3.1.8.0003|
|D100|0|1|MT16903492000165|57|00|30||2111563|51201016903492000165570300021115631034488828|29102020|16112020|0||37,4|0|2|0|0|0|0||3.3.1.8.0003|
|D101|9|37,4|50|14|0|1,65|0|3.3.1.8.0003|
|D105|9|37,4|50|14|0|7,6|0|3.3.1.8.0003|
|D100|0|1|MT5464895000139|57|00|1||3911978|51201105464895000139570010039119781059869887|03112020|06112020|0||38,75|0|2|0|0|0|0||3.3.1.8.0003|
|D101|9|38,75|50|14|0|1,65|0|3.3.1.8.0003|
|D105|9|38,75|50|14|0|7,6|0|3.3.1.8.0003|
|D100|0|1|MT16903492000165|57|00|30||2185766|51201116903492000165570300021857661035754734|25112020|28112020|0||34|0|2|0|0|0|0||3.3.1.8.0003|
|D101|9|34|50|14|0|1,65|0|3.3.1.8.0003|
|D105|9|34|50|14|0|7,6|0|3.3.1.8.0003|
|D100|0|1|MT16903492000165|57|00|30||2181626|51201116903492000165570300021816261035683439|24112020|28112020|0||34|0|2|0|0|0|0||3.3.1.8.0003|
|D101|9|34|50|14|0|1,65|0|3.3.1.8.0003|
|D105|9|34|50|14|0|7,6|0|3.3.1.8.0003|
|D100|0|1|MT16903492000165|57|00|30||2150281|51201116903492000165570300021502811035139261|12112020|24112020|0||38,4|0|2|0|0|0|0||3.3.1.8.0003|
|D101|9|38,4|50|14|0|1,65|0|3.3.1.8.0003|
|D105|9|38,4|50|14|0|7,6|0|3.3.1.8.0003|
|D100|0|1|MT16903492000165|57|00|30||2172203|51201116903492000165570300021722031035507589|19112020|25112020|0||37,4|0|2|0|0|0|0||3.3.1.8.0003|
|D101|9|37,4|50|14|0|1,65|0|3.3.1.8.0003|
|D105|9|37,4|50|14|0|7,6|0|3.3.1.8.0003|
|D100|0|1|MT5877639000173|57|00|1||2362664|51201105877639000173570010023626641028435512|10112020|24112020|0||48,5|0|2|0|0|0|0||3.3.1.8.0003|
|D101|9|48,5|50|14|0|1,65|0|3.3.1.8.0003|
|D105|9|48,5|50|14|0|7,6|0|3.3.1.8.0003|
|D100|0|1|MT4017029000137|57|00|1||1357620|51201104017029000137570010013576201008675376|14112020|24112020|0||52,17|0|2|0|0|0|0||3.3.1.8.0003|
|D101|9|52,17|50|14|0|1,65|0|3.3.1.8.0003|
|D105|9|52,17|50|14|0|7,6|0|3.3.1.8.0003|
|D100|0|1|MT9296295002707|57|00|3||32090|51201109296295002707570030000320901914519535|23112020|25112020|0||38,51|0|2|0|0|0|0||3.3.1.8.0003|
|D101|9|38,51|50|14|0|1,65|0|3.3.1.8.0003|
|D105|9|38,51|50|14|0|7,6|0|3.3.1.8.0003|
|D100|0|1|MT16903492000165|57|00|30||2121079|51201116903492000165570300021210791034644765|03112020|09112020|0||34|0|2|0|0|0|0||3.3.1.8.0003|
|D101|9|34|50|14|0|1,65|0|3.3.1.8.0003|
|D105|9|34|50|14|0|7,6|0|3.3.1.8.0003|
|D010|04185877000589|
|D100|0|1|MA18233211004801|57|00|2||1552|21201018233211004801570020000015521758461585|02102020|03112020|0||224,49|0|2|0|0|0|0||3.3.1.8.0003|
|D101|9|224,49|50|14|0|1,65|0|3.3.1.8.0003|
|D105|9|224,49|50|14|0|7,6|0|3.3.1.8.0003|
|D100|0|1|MA18233211004801|57|00|2||1786|21201118233211004801570020000017861304526595|13112020|27112020|0||123,64|0|2|0|0|0|0||3.3.1.8.0003|
|D101|9|123,64|50|14|0|1,65|0|3.3.1.8.0003|
|D105|9|123,64|50|14|0|7,6|0|3.3.1.8.0003|
|D100|0|1|MA18233211004801|57|00|2||1788|21201118233211004801570020000017881304535599|13112020|27112020|0||100,91|0|2|0|0|0|0||3.3.1.8.0003|
|D101|9|100,91|50|14|0|1,65|0|3.3.1.8.0003|
|D105|9|100,91|50|14|0|7,6|0|3.3.1.8.0003|
|D100|0|1|MA18233211004801|57|00|2||1812|21201118233211004801570020000018121394628599|19112020|27112020|0||101,07|0|2|0|0|0|0||3.3.1.8.0003|
|D101|9|101,07|50|14|0|1,65|0|3.3.1.8.0003|
|D105|9|101,07|50|14|0|7,6|0|3.3.1.8.0003|
|D100|0|1|MA18233211004801|57|00|2||1789|21201118233211004801570020000017891304538595|13112020|27112020|0||100,94|0|2|0|0|0|0||3.3.1.8.0003|
|D101|9|100,94|50|14|0|1,65|0|3.3.1.8.0003|
|D105|9|100,94|50|14|0|7,6|0|3.3.1.8.0003|
|D100|0|1|MA18233211004801|57|00|2||1748|21201118233211004801570020000017481212658591|06112020|27112020|0||167,85|0|2|0|0|0|0||3.3.1.8.0003|
|D101|9|167,85|50|14|0|1,65|0|3.3.1.8.0003|
|D105|9|167,85|50|14|0|7,6|0|3.3.1.8.0003|
|D100|0|1|MA18233211004801|57|00|2||1787|21201118233211004801570020000017871304531596|13112020|27112020|0||121,13|0|2|0|0|0|0||3.3.1.8.0003|
|D101|9|121,13|50|14|0|1,65|0|3.3.1.8.0003|
|D105|9|121,13|50|14|0|7,6|0|3.3.1.8.0003|
|D100|0|1|MA18233211004801|57|00|2||1627|21201018233211004801570020000016271925945580|16102020|10112020|0||120,35|0|2|0|0|0|0||3.3.1.8.0003|
|D101|9|120,35|50|14|0|1,65|0|3.3.1.8.0003|
|D105|9|120,35|50|14|0|7,6|0|3.3.1.8.0003|
|D100|0|1|MA18233211004801|57|00|2||1551|21201018233211004801570020000015511758425581|02102020|03112020|0||120,58|0|2|0|0|0|0||3.3.1.8.0003|
|D101|9|120,58|50|14|0|1,65|0|3.3.1.8.0003|
|D105|9|120,58|50|14|0|7,6|0|3.3.1.8.0003|
|D100|0|1|MA18233211004801|57|00|2||1550|21201018233211004801570020000015501758394581|02102020|03112020|0||120,86|0|2|0|0|0|0||3.3.1.8.0003|
|D101|9|120,86|50|14|0|1,65|0|3.3.1.8.0003|
|D105|9|120,86|50|14|0|7,6|0|3.3.1.8.0003|
|D100|0|1|MA18233211004801|57|00|2||1594|21201018233211004801570020000015941849525586|09102020|03112020|0||121,44|0|2|0|0|0|0||3.3.1.8.0003|
|D101|9|121,44|50|14|0|1,65|0|3.3.1.8.0003|
|D105|9|121,44|50|14|0|7,6|0|3.3.1.8.0003|
|D100|0|1|MA18233211004801|57|00|2||1562|21201018233211004801570020000015621758741584|02102020|03112020|0||120,72|0|2|0|0|0|0||3.3.1.8.0003|
|D101|9|120,72|50|14|0|1,65|0|3.3.1.8.0003|
|D105|9|120,72|50|14|0|7,6|0|3.3.1.8.0003|
|D010|04185877000660|
|D100|0|1|GO2012862000402|57|00|5||390989|52201102012862000402570050003909891260820180|20112020|24112020|0||160|0|2|0|0|0|0||3.3.1.8.0003|
|D101|9|160|50|14|0|1,65|0|3.3.1.8.0003|
|D105|9|160|50|14|0|7,6|0|3.3.1.8.0003|
|D100|0|1|GO2012862000402|57|00|5||382479|52200902012862000402570050003824791863335339|16092020|09112020|0||115,8|0|2|0|0|0|0||3.3.1.8.0003|
|D101|9|115,8|50|14|0|1,65|0|3.3.1.8.0003|
|D105|9|115,8|50|14|0|7,6|0|3.3.1.8.0003|
|D010|04185877000740|
|D100|0|1|BA17463456001596|57|00|1||678743|29201117463456001596570010006787431006787430|04112020|24112020|0||127,44|0|2|0|0|0|0||3.3.1.8.0003|
|D101|9|127,44|50|14|0|1,65|0|3.3.1.8.0003|
|D105|9|127,44|50|14|0|7,6|0|3.3.1.8.0003|
|D100|0|1|BA15132336000185|57|00|3||51606|29201115132336000185570030000516061000885290|11112020|27112020|0||39,73|0|2|0|0|0|0||3.3.1.8.0003|
|D101|9|39,73|50|14|0|1,65|0|3.3.1.8.0003|
|D105|9|39,73|50|14|0|7,6|0|3.3.1.8.0003|
|D100|0|1|BA17463456001596|57|00|1||678744|29201117463456001596570010006787441006787446|04112020|24112020|0||127,44|0|2|0|0|0|0||3.3.1.8.0003|
|D101|9|127,44|50|14|0|1,65|0|3.3.1.8.0003|
|D105|9|127,44|50|14|0|7,6|0|3.3.1.8.0003|
|D100|0|1|BA60829264000346|57|00|6||87071|29201060829264000346570060000870711375989775|09102020|11112020|0||50|0|2|0|0|0|0||3.3.1.8.0003|
|D101|9|50|50|14|0|1,65|0|3.3.1.8.0003|
|D105|9|50|50|14|0|7,6|0|3.3.1.8.0003|
|D100|0|1|BA9296295000755|57|00|3||70533|29201109296295000755570030000705331914394120|23112020|25112020|0||119,56|0|2|0|0|0|0||3.3.1.8.0003|
|D101|9|119,56|50|14|0|1,65|0|3.3.1.8.0003|
|D105|9|119,56|50|14|0|7,6|0|3.3.1.8.0003|
|D010|04185877000821|
|D100|0|1|CE11382456000180|57|00|1||187170|23201011382456000180570010001871701811290913|23102020|16112020|0||50|0|2|0|0|0|0||3.3.1.8.0003|
|D101|9|50|50|14|0|1,65|0|3.3.1.8.0003|
|D105|9|50|50|14|0|7,6|0|3.3.1.8.0003|
|D010|04185877000902|
|D100|0|1|SP15129315000887|57|00|2||18418|35201015129315000887570020000184181000202177|16102020|25112020|0||201,26|0|2|0|0|0|0||3.3.1.8.0003|
|D101|9|201,26|50|14|0|1,65|0|3.3.1.8.0003|
|D105|9|201,26|50|14|0|7,6|0|3.3.1.8.0003|
|D010|04185877001208|
|D100|0|1|GO18233211001292|57|00|1||46299|52201018233211001292570010000462991812961587|07102020|06112020|0||98,31|0|2|0|0|0|0||3.3.1.8.0003|
|D101|9|98,31|50|14|0|1,65|0|3.3.1.8.0003|
|D105|9|98,31|50|14|0|7,6|0|3.3.1.8.0003|
|D100|0|1|SE607260000120|57|00|001||26159|28201100607260000120570010000261591000261592|07112020|12112020|0||95,34|0|2|0|0|0|0||3.3.1.8.0003|
|D101|9|95,34|50|14|0|1,65|0|3.3.1.8.0003|
|D105|9|95,34|50|14|0|7,6|0|3.3.1.8.0003|
|D100|0|1|GO18233211001292|57|00|1||46291|52201018233211001292570010000462911811037586|06102020|06112020|0||99,67|0|2|0|0|0|0||3.3.1.8.0003|
|D101|9|99,67|50|14|0|1,65|0|3.3.1.8.0003|
|D105|9|99,67|50|14|0|7,6|0|3.3.1.8.0003|
|D100|0|1|SE9296295001565|57|00|3||4636|28201109296295001565570030000046361914113906|23112020|25112020|||58,15|0|0|58,15|0|0|0||3.3.1.8.0003|
|D101|9|58,15|50|14|0|1,65|0|3.3.1.8.0003|
|D105|9|58,15|50|14|0|7,6|0|3.3.1.8.0003|
|D010|04185877001127|
|D100|0|1|GO2012862000402|57|00|5||390999|52201102012862000402570050003909991289485653|20112020|27112020|0||92|0|2|0|0|0|0||3.3.1.8.0003|
|D101|9|92|50|14|0|1,65|0|3.3.1.8.0003|
|D105|9|92|50|14|0|7,6|0|3.3.1.8.0003|
|D010|04185877001399|
|D100|0|1|MT5464895000139|57|00|1||3908131|51201005464895000139570010039081311059730905|28102020|10112020|0||39,75|0|2|0|0|0|0||3.3.1.8.0003|
|D101|9|39,75|50|14|0|1,65|0|3.3.1.8.0003|
|D105|9|39,75|50|14|0|7,6|0|3.3.1.8.0003|
|D010|04185877001631|
|D100|0|1|CE23947093000161|57|00|1||159601|23201123947093000161570010001596011390151748|09112020|12112020|0||221,05|0|2|0|0|0|0||3.3.1.8.0003|
|D101|9|221,05|50|14|0|1,65|0|3.3.1.8.0003|
|D105|9|221,05|50|14|0|7,6|0|3.3.1.8.0003|
|D010|04185877002018|
|D100|0|1|GO18233211001292|57|00|1||44858|52200918233211001292570010000448581739183584|30092020|23112020|0||394,93|0|2|0|0|0|0||3.3.1.8.0003|
|D101|9|394,93|50|14|0|1,65|0|3.3.1.8.0003|
|D105|9|394,93|50|14|0|7,6|0|3.3.1.8.0003|
|D100|0|1|AL945958000589|57|00|4||2525|27201100945958000589570040000025251999997474|27112020|28112020|0||202,3|0|2|0|0|0|0||3.3.1.8.0003|
|D101|9|202,3|50|14|0|1,65|0|3.3.1.8.0003|
|D105|9|202,3|50|14|0|7,6|0|3.3.1.8.0003|
|D010|04185877002107|
|D100|0|1|PE15129315000372|57|00|2||334|26201015129315000372570020000003341000192959|10102020|10112020|0||100|0|2|0|0|0|0||3.3.1.8.0003|
|D101|9|100|50|14|0|1,65|0|3.3.1.8.0003|
|D105|9|100|50|14|0|7,6|0|3.3.1.8.0003|
|D100|0|1|PE7531716000164|57|00|000||902620|26201007531716000164570000009026201010554567|31102020|19112020|0||20,69|0|2|0|0|0|0||3.3.1.8.0003|
|D101|9|20,69|50|14|0|1,65|0|3.3.1.8.0003|
|D105|9|20,69|50|14|0|7,6|0|3.3.1.8.0003|
|D010|04185877001550|
|D100|0|1|GO2012862000402|57|00|5||390997|52201102012862000402570050003909971106714645|20112020|27112020|0||88,48|0|2|0|0|0|0||3.3.1.8.0003|
|D101|9|88,48|50|14|0|1,65|0|3.3.1.8.0003|
|D105|9|88,48|50|14|0|7,6|0|3.3.1.8.0003|
|D010|04185877001712|
|D100|0|1|MA9296295004580|57|00|3||9932|21201109296295004580570030000099321911277946|19112020|20112020|0||70|0|2|0|0|0|0||3.3.1.8.0003|
|D101|9|70|50|14|0|1,65|0|3.3.1.8.0003|
|D105|9|70|50|14|0|7,6|0|3.3.1.8.0003|
|D100|0|1|MA945958001470|57|00|4||11558|21201000945958001470570040000115581999988448|26102020|05112020|0||109,89|0|2|0|0|0|0||3.3.1.8.0003|
|D101|9|109,89|50|14|0|1,65|0|3.3.1.8.0003|
|D105|9|109,89|50|14|0|7,6|0|3.3.1.8.0003|
|D010|04185877001801|
|D100|0|1|SP39394790000172|57|00|2||67|35201139394790000172570020000000671000159142|04112020|16112020|0||913,35|0|2|0|0|0|0||3.3.1.8.0003|
|D101|9|913,35|50|14|0|1,65|0|3.3.1.8.0003|
|D105|9|913,35|50|14|0|7,6|0|3.3.1.8.0003|
|D010|04185877002280|
|D100|0|1|GO1492584000122|57|00|1||487466|52201101492584000122570010004874661987179989|16112020|18112020|0||61,56|0|2|0|0|0|0||3.3.1.8.0003|
|D101|9|61,56|50|14|0|1,65|0|3.3.1.8.0003|
|D105|9|61,56|50|14|0|7,6|0|3.3.1.8.0003|
|D100|0|1|GO16624611003590|57|00|1||78410|52201116624611003590570010000784101019946750|03112020|03112020|0||67,9|0|2|0|0|0|0||3.3.1.8.0003|
|D101|9|67,9|50|14|0|1,65|0|3.3.1.8.0003|
|D105|9|67,9|50|14|0|7,6|0|3.3.1.8.0003|
|D010|04185877002360|
|D100|0|1|GO18233211001292|57|00|1||44859|52200918233211001292570010000448591739184588|30092020|23112020|0||315,3|0|2|0|0|0|0||3.3.1.8.0003|
|D101|9|315,3|50|14|0|1,65|0|3.3.1.8.0003|
|D105|9|315,3|50|14|0|7,6|0|3.3.1.8.0003|
|D100|0|1|RJ14120369000223|57|00|2||152607|33200914120369000223570020001526071002044597|09092020|30112020|0||423,58|0|2|0|0|0|0||3.3.1.8.0003|
|D101|9|423,58|50|14|0|1,65|0|3.3.1.8.0003|
|D105|9|423,58|50|14|0|7,6|0|3.3.1.8.0003|
|D100|0|1|SP5514580000159|57|00|1||463535|35201005514580000159570010004635351001701284|21102020|16112020|0||68,31|0|2|0|0|0|0||3.3.1.8.0003|
|D101|9|68,31|50|14|0|1,65|0|3.3.1.8.0003|
|D105|9|68,31|50|14|0|7,6|0|3.3.1.8.0003|
|D100|0|1|RJ29453826000279|57|00|21||40423|33201029453826000279570210000404231067811817|30102020|04112020|0||89,16|0|2|0|0|0|0||3.3.1.8.0003|
|D101|9|89,16|50|14|0|1,65|0|3.3.1.8.0003|
|D105|9|89,16|50|14|0|7,6|0|3.3.1.8.0003|
|D010|04185877002522|
|D100|0|1|SP26877864000180|57|00|1||26506|35201026877864000180570010000265061000271031|27102020|25112020|0||100,21|0|2|0|0|0|0||3.3.1.8.0003|
|D101|9|100,21|50|14|0|1,65|0|3.3.1.8.0003|
|D105|9|100,21|50|14|0|7,6|0|3.3.1.8.0003|
|D010|04185877002875|
|D100|0|1|MT22634078000109|57|00|2||1259|51201022634078000109570020000012591001070946|22102020|04112020|0||41,08|0|2|0|0|0|0||3.3.1.8.0003|
|D101|9|41,08|50|14|0|1,65|0|3.3.1.8.0003|
|D105|9|41,08|50|14|0|7,6|0|3.3.1.8.0003|
|D010|04185877001046|
|D100|0|1|GO2012862000402|57|00|5||387758|52201002012862000402570050003877581832383365|28102020|03112020|0||115,8|0|2|0|0|0|0||3.3.1.8.0003|
|D101|9|115,8|50|14|0|1,65|0|3.3.1.8.0003|
|D105|9|115,8|50|14|0|7,6|0|3.3.1.8.0003|
|D100|0|1|SP20147617002276|57|00|1||5306897|35201120147617002276570010053068971994693103|05112020|21112020|0||794,24|0|2|0|0|0|0||3.3.1.8.0003|
|D101|9|794,24|50|14|0|1,65|0|3.3.1.8.0003|
|D105|9|794,24|50|14|0|7,6|0|3.3.1.8.0003|
|D100|0|1|GO18233211001292|57|00|1||44856|52200918233211001292570010000448561739180580|30092020|07112020|0||270,99|0|2|0|0|0|0||3.3.1.8.0003|
|D101|9|270,99|50|14|0|1,65|0|3.3.1.8.0003|
|D105|9|270,99|50|14|0|7,6|0|3.3.1.8.0003|
|D100|0|1|MG525563001094|57|00|1||17546|31201100525563001094570010000175461012155450|10112020|13112020|0||50,98|0|2|0|0|0|0||3.3.1.8.0003|
|D101|9|50,98|50|14|0|1,65|0|3.3.1.8.0003|
|D105|9|50,98|50|14|0|7,6|0|3.3.1.8.0003|
|D010|04185877002441|
|D100|0|1|MG21570775000849|57|00|4||216134|31201121570775000849570040002161341026970798|25112020|27112020|0||53,14|0|2|0|0|0|0||3.3.1.8.0003|
|D101|9|53,14|50|14|0|1,65|0|3.3.1.8.0003|
|D105|9|53,14|50|14|0|7,6|0|3.3.1.8.0003|
|D100|0|1|MG21570775000849|57|00|4||215956|31201121570775000849570040002159561026965260|23112020|24112020|0||58,82|0|2|0|0|0|0||3.3.1.8.0003|
|D101|9|58,82|50|14|0|1,65|0|3.3.1.8.0003|
|D105|9|58,82|50|14|0|7,6|0|3.3.1.8.0003|
|D100|0|1|MG21566120000120|57|00|501||144511|31201121566120000120575010001445111007510391|26112020|27112020|0||47,53|0|2|0|0|0|0||3.3.1.8.0003|
|D101|9|47,53|50|14|0|1,65|0|3.3.1.8.0003|
|D105|9|47,53|50|14|0|7,6|0|3.3.1.8.0003|
|D100|0|1|MG21566120000120|57|00|501||142292|31201021566120000120575010001422921007454725|20102020|05112020|0||262,3|0|2|0|0|0|0||3.3.1.8.0003|
|D101|9|262,3|50|14|0|1,65|0|3.3.1.8.0003|
|D105|9|262,3|50|14|0|7,6|0|3.3.1.8.0003|
|D100|0|1|MG21566120000120|57|00|503||96707|31201121566120000120575030000967071007482504|09112020|17112020|0||40|0|2|0|0|0|0||3.3.1.8.0003|
|D101|9|40|50|14|0|1,65|0|3.3.1.8.0003|
|D105|9|40|50|14|0|7,6|0|3.3.1.8.0003|
|D100|0|1|MG21566120000120|57|00|503||96058|31201021566120000120575030000960581007455776|21102020|16112020|0||40|0|2|0|0|0|0||3.3.1.8.0003|
|D101|9|40|50|14|0|1,65|0|3.3.1.8.0003|
|D105|9|40|50|14|0|7,6|0|3.3.1.8.0003|
|D100|0|1|MG21566120000120|57|00|507||10758|31201121566120000120575070000107581007490360|13112020|16112020|0||40|0|2|0|0|0|0||3.3.1.8.0003|
|D101|9|40|50|14|0|1,65|0|3.3.1.8.0003|
|D105|9|40|50|14|0|7,6|0|3.3.1.8.0003|
|D100|0|1|GO18233211001292|57|00|1||44871|52200918233211001292570010000448711739177586|30092020|30112020|0||233,74|0|2|0|0|0|0||3.3.1.8.0003|
|D101|9|233,74|50|14|0|1,65|0|3.3.1.8.0003|
|D105|9|233,74|50|14|0|7,6|0|3.3.1.8.0003|
|D100|0|1|MG21566120000120|57|00|501||143203|31201121566120000120575010001432031007477200|05112020|09112020|0||40|0|2|0|0|0|0||3.3.1.8.0003|
|D101|9|40|50|14|0|1,65|0|3.3.1.8.0003|
|D105|9|40|50|14|0|7,6|0|3.3.1.8.0003|
|D100|0|1|MG21570775000849|57|00|4||214555|31201121570775000849570040002145551026918560|06112020|10112020|0||48,31|0|2|0|0|0|0||3.3.1.8.0003|
|D101|9|48,31|50|14|0|1,65|0|3.3.1.8.0003|
|D105|9|48,31|50|14|0|7,6|0|3.3.1.8.0003|
|D100|0|1|GO18233211001292|57|00|1||44857|52200918233211001292570010000448571739182580|30092020|24112020|0||206,31|0|2|0|0|0|0||3.3.1.8.0003|
|D101|9|206,31|50|14|0|1,65|0|3.3.1.8.0003|
|D105|9|206,31|50|14|0|7,6|0|3.3.1.8.0003|
|D100|0|1|MG21566120000120|57|00|501||142290|31201021566120000120575010001422901007454690|20102020|17112020|0||40|0|2|0|0|0|0||3.3.1.8.0003|
|D101|9|40|50|14|0|1,65|0|3.3.1.8.0003|
|D105|9|40|50|14|0|7,6|0|3.3.1.8.0003|
|D100|0|1|MG21566120000120|57|00|503||96967|31201121566120000120575030000969671007495010|17112020|18112020|0||40|0|2|0|0|0|0||3.3.1.8.0003|
|D101|9|40|50|14|0|1,65|0|3.3.1.8.0003|
|D105|9|40|50|14|0|7,6|0|3.3.1.8.0003|
|D990|339|
|F001|1|
|F990|2|
|I001|1|
|I990|2|
|M001|0|
|M100|101|0|113480,35|1,65|0||1872,43|0|0|0|1872,43|1|0|1872,43|
|M105|01|50|52327,26|0|52327,26|52327,26||0||
|M105|12|50|3385,68|0|3385,68|3385,68||0||
|M105|02|50|27839,47||27839,47|27839,47||0||
|M105|03|50|29927,94||29927,94|29927,94||0||
|M105|14|50|0||0|0||0||
|M200|0|0|0|0|0|0|0|0|0|0|0|0|
|M500|101|0|113480,35|7,6|0||8624,51|0|0|0|8624,51|1|0|8624,51|
|M505|01|50|52327,26|0|52327,26|52327,26||0||
|M505|12|50|3385,68|0|3385,68|3385,68||0||
|M505|02|50|27839,47||27839,47|27839,47||0||
|M505|03|50|29927,94||29927,94|29927,94||0||
|M505|14|50|0||0|0||0||
|M600|0|0|0|0|0|0|0|0|0|0|0|0|
|M990|16|
|P001|1|
|P990|2|
|1001|0|
|1100|112020|01||101|96932,07|0|96932,07|0|0|0|96932,07|0|0|0|0|0|96932,07|
|1500|112020|01||101|446475|0|446475|0|0|0|446475|0|0|0|0|0|446475|
|1990|4|
|9001|0|
|9900|0000|1|
|9900|0001|1|
|9900|0100|1|
|9900|0110|1|
|9900|0140|26|
|9900|0150|230|
|9900|0190|24|
|9900|0200|486|
|9900|0400|49|
|9900|0450|7|
|9900|0500|60|
|9900|0990|1|
|9900|A001|1|
|9900|A010|4|
|9900|A100|4|
|9900|A170|4|
|9900|A990|1|
|9900|C001|1|
|9900|C010|24|
|9900|C100|218|
|9900|C110|7|
|9900|C170|523|
|9900|C990|1|
|9900|D001|1|
|9900|D010|22|
|9900|D100|105|
|9900|D101|105|
|9900|D105|105|
|9900|D990|1|
|9900|F001|1|
|9900|F990|1|
|9900|I001|1|
|9900|I990|1|
|9900|M001|1|
|9900|M100|1|
|9900|M105|5|
|9900|M200|1|
|9900|M500|1|
|9900|M505|5|
|9900|M600|1|
|9900|M990|1|
|9900|P001|1|
|9900|P990|1|
|9900|1001|1|
|9900|1100|1|
|9900|1500|1|
|9900|1990|1|
|9900|9001|1|
|9900|9990|1|
|9900|9999|1|
|9900|9900|51|
|9990|54|
|9999|2094|
